
@article{albrechtDevelopmentArableWeed2005,
  title = {Development of {{Arable Weed Seedbanks During}} the 6 {{Years After}} the {{Change}} from {{Conventional}} to {{Organic Farming}}},
  author = {Albrecht, H.},
  year = {2005},
  month = oct,
  journal = {Weed Research},
  volume = {45},
  number = {5},
  pages = {339--350},
  issn = {1365-3180},
  doi = {10/d3hmdg},
  langid = {english}
}

@article{andersonMultiTacticApproachManage2005,
  title = {A {{Multi}}-{{Tactic Approach}} to {{Manage Weed Population Dynamics}} in {{Crop Rotations}}},
  author = {Anderson, Randy L.},
  year = {2005},
  month = nov,
  journal = {Agronomy Journal},
  volume = {97},
  number = {6},
  pages = {1579--1583},
  issn = {1435-0645},
  doi = {10/drwpdr},
  langid = {english}
}

@article{andreasenDecreasingDiversitySoil2018,
  title = {Decreasing Diversity in the Soil Seed Bank after 50 Years in {{Danish}} Arable Fields},
  author = {Andreasen, Christian and Jensen, Hans Arne and Jensen, Signe Marie},
  year = {2018},
  month = may,
  journal = {Agriculture, Ecosystems \& Environment},
  volume = {259},
  pages = {61--71},
  issn = {0167-8809},
  doi = {10/gdg3n5},
  file = {/Users/huongnguyen/Zotero/storage/75PPF5QK/Andreasen et al. - 2018 - Decreasing diversity in the soil seed bank after 5.pdf}
}

@article{arborettiPermutationApproachRanking2014,
  title = {A Permutation Approach for Ranking of Multivariate Populations},
  author = {Arboretti, Rosa and Bonnini, Stefano and Corain, Livio and Salmaso, Luigi},
  year = {2014},
  month = nov,
  journal = {Journal of Multivariate Analysis},
  volume = {132},
  pages = {39--57},
  issn = {0047-259X},
  doi = {10/gdpd4w},
  keywords = {Multivariate tests,Nonparametric combination,NPC tests,Permutation tests},
  file = {/Users/huongnguyen/Zotero/storage/3CQBUZ4W/Arboretti et al. - 2014 - A permutation approach for ranking of multivariate.pdf;/Users/huongnguyen/Zotero/storage/UL47R6AP/S0047259X14001663.html}
}

@incollection{bakerAspectsNaturalHistory1989,
  title = {Some {{Aspects}} of the {{Natural History}} of {{Seed Banks}}},
  booktitle = {Ecology of {{Soil Seed Banks}}},
  author = {Baker, Herbert G.},
  editor = {Leck, Mary Allessio and Parker, V. Thomas and Simpson, Robert L.},
  year = {1989},
  month = jan,
  pages = {9--21},
  publisher = {{Academic Press}},
  doi = {10.1016/B978-0-12-440405-2.50007-5},
  isbn = {978-0-12-440405-2}
}

@article{ballComparisonTechniquesEstimation,
  title = {A {{Comparison}} of {{Techniques}} for {{Estimation}} of {{Arable Soil Seedbanks}} and {{Their Relationship}} to {{Weed Flora}}},
  author = {Ball, D. A. and Miller, S. D.},
  journal = {Weed Research},
  volume = {29},
  number = {5},
  pages = {365--373},
  issn = {1365-3180},
  doi = {10/dk2dhq},
  langid = {english}
}

@article{ballWeedSeedbankResponse1992,
  title = {Weed {{Seedbank Response}} to {{Tillage}}, {{Herbicides}}, and {{Crop Rotation Sequence}}},
  author = {Ball, Daniel A.},
  year = {1992},
  journal = {Weed Science},
  volume = {40},
  number = {4},
  pages = {654--659},
  issn = {0043-1745}
}

@incollection{baskinGerminationEcologyPlants2014,
  title = {Germination {{Ecology}} of {{Plants}} with {{Specialized Life Cycles}} and/or {{Habitats}}},
  booktitle = {Seeds ({{Second Edition}})},
  author = {Baskin, Carol C. and Baskin, Jerry M.},
  year = {2014},
  pages = {869--1004},
  publisher = {{Academic Press}},
  address = {{San Diego}},
  doi = {10.1016/B978-0-12-416677-6.00011-1},
  isbn = {978-0-12-416677-6},
  keywords = {aquatic plants,burial depth,flooding,germination at reduced oxygen levels,halophytes,hemiparasitic plants,holoparasites,salinity tolerance,strigol},
  file = {/Users/huongnguyen/Zotero/storage/8BWBB9LI/Baskin and Baskin - 2014 - Chapter 11 - Germination Ecology of Plants with Sp.pdf}
}

@incollection{baskinGerminationEcologySeeds2014,
  title = {Germination {{Ecology}} of {{Seeds}} with {{Morphophysiological Dormancy}}},
  booktitle = {Seeds ({{Second Edition}})},
  author = {Baskin, Carol C. and Baskin, Jerry M.},
  year = {2014},
  pages = {119--143},
  publisher = {{Academic Press}},
  address = {{San Diego}},
  doi = {10.1016/B978-0-12-416677-6.00005-6},
  isbn = {978-0-12-416677-6},
  keywords = {cold stratification,complex levels of morphophysiological dormancy,double dormancy,epicotyl dormancy,germination phenology,morphophysiological dormancy,radicle emergence,shoot emergence,simple levels of morphophysiological dormancy,warm stratification},
  file = {/Users/huongnguyen/Zotero/storage/M2F2QMH5/Baskin and Baskin - 2014 - Chapter 5 - Germination Ecology of Seeds with Morp.pdf}
}

@incollection{baskinGerminationEcologySeeds2014a,
  title = {Germination {{Ecology}} of {{Seeds}} with {{Physical Dormancy}}},
  booktitle = {Seeds ({{Second Edition}})},
  author = {Baskin, Carol C. and Baskin, Jerry M.},
  year = {2014},
  pages = {145--185},
  publisher = {{Academic Press}},
  address = {{San Diego}},
  doi = {10.1016/B978-0-12-416677-6.00006-8},
  isbn = {978-0-12-416677-6},
  keywords = {dry heat treatment,fire,germination phenology,physical plus physiological dormancy,seasonal sensitivity cycles,seed drying,two-step dormancy break,water-impermeable seeds/fuits,wet heat treatment},
  file = {/Users/huongnguyen/Zotero/storage/GJ845MH4/Baskin and Baskin - 2014 - Chapter 6 - Germination Ecology of Seeds with Phys.pdf}
}

@incollection{baskinGerminationEcologySeeds2014b,
  title = {Germination {{Ecology}} of {{Seeds}} in the {{Persistent Seed Bank}}},
  booktitle = {Seeds ({{Second Edition}})},
  author = {Baskin, Carol C. and Baskin, Jerry M.},
  year = {2014},
  pages = {187--276},
  publisher = {{Academic Press}},
  address = {{San Diego}},
  doi = {10.1016/B978-0-12-416677-6.00007-X},
  isbn = {978-0-12-416677-6},
  keywords = {aerial seed banks,buried seeds,community stability,longevity of seeds,persistent seed banks,restoration,seed bank dynamics,seedling emergence models,soil seed banks,transient seed banks},
  file = {/Users/huongnguyen/Zotero/storage/993AI9GK/Baskin and Baskin - 2014 - Chapter 7 - Germination Ecology of Seeds in the Pe.pdf}
}

@incollection{baskinGerminationEcologySeeds2014c,
  title = {Germination {{Ecology}} of {{Seeds}} with {{Nondeep Physiological Dormancy}}},
  booktitle = {Seeds ({{Second Edition}})},
  author = {Baskin, Carol C. and Baskin, Jerry M.},
  year = {2014},
  pages = {79--117},
  publisher = {{Academic Press}},
  address = {{San Diego}},
  doi = {10.1016/B978-0-12-416677-6.00004-4},
  isbn = {978-0-12-416677-6},
  keywords = {annual dormancy cycle,conditionally dormant seeds,dormancy continuum,dormant seeds,nondeep physiological dormancy,nondormant seeds,seasonal temperature changes,thermal time models,timing of germination},
  file = {/Users/huongnguyen/Zotero/storage/AQMMVAYC/Baskin and Baskin - 2014 - Chapter 4 - Germination Ecology of Seeds with Nond.pdf}
}

@incollection{baskinPhysiologyDormancyGermination1989,
  title = {Physiology of {{Dormancy}} and {{Germination}} in {{Relation}} to {{Seed Bank Ecology}}},
  booktitle = {Ecology of {{Soil Seed Banks}}},
  author = {Baskin, Jerry M. and Baskin, Carol C.},
  editor = {Leck, Mary Allessio and Parker, V. Thomas and Simpson, Robert L.},
  year = {1989},
  month = jan,
  pages = {53--66},
  publisher = {{Academic Press}},
  doi = {10.1016/B978-0-12-440405-2.50009-9},
  isbn = {978-0-12-440405-2}
}

@misc{batesLme4LinearMixedEffects2018,
  title = {Lme4: Linear {{Mixed}}-{{Effects Models}} Using '{{Eigen}}' and {{S4}}},
  shorttitle = {Lme4},
  author = {Bates, Douglas and Maechler, Martin and Bolker, Ben and Walker, Steven and Christensen, Rune Haubo Bojesen and Singmann, Henrik and Dai, Bin and Scheipl, Fabian and Grothendieck, Gabor and Green, Peter},
  year = {2018},
  month = apr,
  copyright = {GPL-2 | GPL-3 [expanded from: GPL ({$\geq$} 2)]},
  keywords = {Bayesian,Econometrics,Environmetrics,OfficialStatistics,Psychometrics,SocialSciences,SpatioTemporal}
}

@article{baucomWeedsAgriculturalImportance2009,
  title = {Weeds of Agricultural Importance: Bridging the Gap between Evolutionary Ecology and Crop and Weed Science},
  shorttitle = {Weeds of Agricultural Importance},
  author = {Baucom, Regina S. and Holt, Jodie S.},
  year = {2009},
  month = dec,
  journal = {New Phytol.},
  volume = {184},
  number = {4},
  pages = {741--743},
  issn = {1469-8137},
  doi = {10/d4nwrb},
  langid = {english},
  pmid = {20021591},
  keywords = {adaptation,agriculture,evolutionary ecology,weed evolution,weed science}
}

@article{benoitInnovativeApproachesSeedbank1992,
  title = {Innovative {{Approaches}} to {{Seedbank Studies}}},
  author = {Benoit, Diane L. and Derksen, Douglas A. and Panneton, Bernard},
  year = {1992},
  journal = {Weed Science},
  volume = {40},
  number = {4},
  pages = {660--669},
  issn = {0043-1745},
  doi = {10/ghkhdk}
}

@incollection{bonniniComparingMoreTwo2014,
  title = {Comparing {{More}} than {{Two Samples}}},
  booktitle = {Nonparametric {{Hypothesis Testing}}},
  author = {Bonnini, Stefano and Corain, Livio and Marozzi, Marco and Salmaso, Luigi},
  year = {2014},
  pages = {65--106},
  publisher = {{Wiley-Blackwell}},
  doi = {10.1002/9781118763490.ch3},
  isbn = {978-1-118-76349-0},
  langid = {english},
  keywords = {analysis of variance,independent samples,pairwise comparisons,related samples,umbrella alternatives}
}

@incollection{bonniniPairedSamplesRepeated2014,
  title = {Paired {{Samples}} and {{Repeated Measures}}},
  booktitle = {Nonparametric {{Hypothesis Testing}}},
  author = {Bonnini, Stefano and Corain, Livio and Marozzi, Marco and Salmaso, Luigi},
  year = {2014},
  pages = {107--123},
  publisher = {{Wiley-Blackwell}},
  doi = {10.1002/9781118763490.ch4},
  copyright = {\textcopyright{} 2014 John Wiley \& Sons, Ltd},
  isbn = {978-1-118-76349-0},
  langid = {english},
  keywords = {analysis of variance,dependent samples,related samples,repeated measures,two-sample test},
  file = {/Users/huongnguyen/Zotero/storage/M3Y84ERR/2014 - Paired Samples and Repeated Measures.pdf;/Users/huongnguyen/Zotero/storage/YDTLHNMW/9781118763490.html}
}

@incollection{bonniniTestsCategoricalData2014,
  title = {Tests for {{Categorical Data}}},
  booktitle = {Nonparametric {{Hypothesis Testing}}},
  author = {Bonnini, Stefano and Corain, Livio and Marozzi, Marco and Salmaso, Luigi},
  year = {2014},
  pages = {124--152},
  publisher = {{Wiley-Blackwell}},
  doi = {10.1002/9781118763490.ch5},
  isbn = {978-1-118-76349-0},
  langid = {english},
  keywords = {binary variables,categorical data,contingency table,goodness-of-it,independence,stochastic dominance},
  file = {/Users/huongnguyen/Zotero/storage/L8JWNLSK/2014 - Tests for Categorical Data.pdf;/Users/huongnguyen/Zotero/storage/2AIY87CS/9781118763490.html}
}

@incollection{bonniniTestsHeterogeneity2014,
  title = {Tests for {{Heterogeneity}}},
  booktitle = {Nonparametric {{Hypothesis Testing}}},
  author = {Bonnini, Stefano and Corain, Livio and Marozzi, Marco and Salmaso, Luigi},
  year = {2014},
  pages = {176--199},
  publisher = {{Wiley-Blackwell}},
  doi = {10.1002/9781118763490.ch7},
  isbn = {978-1-118-76349-0},
  langid = {english},
  keywords = {categorical data,diversity,dom-inance in heterogeneity,heterogeneity,heterogeneity comparisons,test for heterogeneity},
  file = {/Users/huongnguyen/Zotero/storage/8WUE8AXT/2014 - Tests for Heterogeneity.pdf;/Users/huongnguyen/Zotero/storage/HVVLQGBW/9781118763490.html}
}

@article{bratcherBayesianMultipleComparison2005,
  title = {A {{Bayesian}} Multiple Comparison Procedure for Ranking the Means of Normally Distributed Data},
  author = {Bratcher, T. and Hamilton, C.},
  year = {2005},
  journal = {Journal of Statistical Planning and Inference},
  volume = {133},
  number = {1},
  pages = {23--32},
  doi = {10/b7b3q8},
  keywords = {Bayesian decision theory,Decision theory,False discovery error rate,Mean comparisons},
  file = {/Users/huongnguyen/Zotero/storage/P9UXIKHG/display.html}
}

@article{budkaEstimationRiverEcosystem2018,
  title = {Estimation of River Ecosystem Biodiversity Based on the {{Chao}} Estimator},
  author = {Budka, Anna and {\L}acka, Agnieszka and Szoszkiewicz, Krzysztof},
  year = {2018},
  month = jan,
  journal = {Biodivers Conserv},
  volume = {27},
  number = {1},
  pages = {205--216},
  issn = {0960-3115, 1572-9710},
  doi = {10/gcthhm},
  langid = {english}
}

@article{buhlerImplicationsWeedSeedbank1997,
  title = {Implications of Weed Seedbank Dynamics to Weed Management},
  author = {Buhler, Douglas D. and Hartzler, Robert G. and Forcella, Frank},
  year = {1997},
  journal = {Weed Science},
  volume = {45},
  number = {3},
  pages = {329--336},
  issn = {0043-1745},
  keywords = {🔍No DOI found}
}

@article{buhlerWeedSeedBank1997,
  title = {Weed {{Seed Bank Dynamics}}},
  author = {Buhler, Douglas D. and Hartzler, Robert G. and Forcella, Frank},
  year = {1997},
  month = oct,
  journal = {Journal of Crop Production},
  volume = {1},
  number = {1},
  pages = {145--168},
  issn = {1092-678X},
  doi = {10/c8f922},
  keywords = {Population dynamics,tillage systems,weed control,weed ecology,weed emergence}
}

@article{cardinaCropRotationTillage2002,
  title = {Crop Rotation and Tillage System Effects on Weed Seedbanks},
  author = {Cardina, John and Herms, Catherine P. and Doohan, Douglas J.},
  year = {2002},
  month = aug,
  journal = {Weed Science},
  volume = {50},
  number = {4},
  pages = {448--460},
  issn = {0043-1745, 1550-2759},
  doi = {10/frzk5x},
  langid = {english}
}

@article{cardinaSpatialRelationshipsSeedbank1996,
  title = {Spatial {{Relationships}} between {{Seedbank}} and {{Seedling Populations}} of {{Common Lambsquarters}} ({{Chenopodium}} Album) and {{Annual Grasses}}},
  author = {Cardina, John and Sparrow, Denise H. and McCoy, Edward L.},
  year = {1996},
  journal = {Weed Science},
  volume = {44},
  number = {2},
  pages = {298--308},
  issn = {0043-1745},
  keywords = {🔍No DOI found}
}

@incollection{caversSeedBanksArable1989,
  title = {Seed {{Banks}} in {{Arable Land}}},
  booktitle = {Ecology of {{Soil Seed Banks}}},
  author = {Cavers, Paul B. and Benoit, Diane L.},
  editor = {Leck, Mary Allessio and Parker, V. Thomas and Simpson, Robert L.},
  year = {1989},
  month = jan,
  pages = {309--328},
  publisher = {{Academic Press}},
  doi = {10.1016/B978-0-12-440405-2.50019-1},
  isbn = {978-0-12-440405-2}
}

@book{changGraphicsCookbook2013,
  title = {R {{Graphics Cookbook}}},
  author = {Chang, Winston},
  year = {2013},
  publisher = {{O'Reilly Media, Inc.}},
  isbn = {978-1-4493-1695-2}
}

@article{chaoCoveragebasedRarefactionExtrapolation2012,
  title = {Coverage-Based Rarefaction and Extrapolation: Standardizing Samples by Completeness Rather than Size},
  shorttitle = {Coverage-Based Rarefaction and Extrapolation},
  author = {Chao, Anne and Jost, Lou},
  year = {2012},
  month = dec,
  journal = {Ecology},
  volume = {93},
  number = {12},
  pages = {2533--2547},
  issn = {0012-9658},
  langid = {english},
  pmid = {23431585},
  keywords = {Algorithms,Animals,Ecosystem,Environmental Monitoring,Genetic Speciation,Models; Biological,Orchidaceae,Population Density,Selection Bias,Species Specificity}
}

@article{chaoRarefactionExtrapolationHill,
  title = {Rarefaction and Extrapolation with {{Hill}} Numbers: A Framework for Sampling and Estimation in Species Diversity Studies},
  shorttitle = {Rarefaction and Extrapolation with {{Hill}} Numbers},
  author = {Chao, Anne and Gotelli, Nicholas J. and Hsieh, T. C. and Sander, Elizabeth L. and Ma, K. H. and Colwell, Robert K. and Ellison, Aaron M.},
  journal = {Ecological Monographs},
  volume = {84},
  number = {1},
  pages = {45--67},
  issn = {1557-7015},
  doi = {10/f5r865},
  copyright = {\textcopyright{} 2014 by the Ecological Society of America},
  langid = {english},
  keywords = {abundance data,diversity,extrapolation,Hill numbers,incidence data,interpolation,prediction,rarefaction,sample coverage,species richness}
}

@incollection{chaoSpeciesRichnessEstimation2016,
  title = {Species {{Richness}}: Estimation and {{Comparison}}},
  shorttitle = {Species {{Richness}}},
  booktitle = {Wiley {{StatsRef}}: Statistics {{Reference Online}}},
  author = {Chao, Anne and Chiu, Chun-Huo},
  year = {2016},
  pages = {1--26},
  publisher = {{American Cancer Society}},
  doi = {10.1002/9781118445112.stat03432.pub2},
  copyright = {Copyright \textcopyright{} 2016 John Wiley \& Sons, Ltd. All rights reserved.},
  isbn = {978-1-118-44511-2},
  langid = {english},
  annotation = {\_eprint: https://onlinelibrary.wiley.com/doi/pdf/10.1002/9781118445112.stat03432.pub2}
}

@article{chenInfluenceResidueNitrogen2014,
  title = {Influence of Residue and Nitrogen Fertilizer Additions on Carbon Mineralization in Soils with Different Texture and Cropping Histories},
  author = {Chen, Xianni and Wang, Xudong and Liebman, Matt and Cavigelli, Michel and Wander, Michelle},
  year = {2014},
  month = jul,
  journal = {PLoS One},
  volume = {9},
  number = {7},
  pages = {e103720},
  issn = {1932-6203},
  doi = {10/f6ntt7},
  pmcid = {PMC4117633},
  pmid = {25078458},
  keywords = {Agricultural methods,Agricultural soil science,Carbon dioxide,Carbon sequestration,Clay mineralogy,Crops,Fertilizers,Particulates},
  file = {/Users/huongnguyen/Zotero/storage/QXG2AXNH/Chen et al. - 2014 - Influence of Residue and Nitrogen Fertilizer Addit.pdf}
}

@article{clayWeedSeedbanksCorn1998,
  title = {Weed Seedbanks and Corn Growth Following Continuous Corn or Alfalfa},
  author = {Clay, S. A. and Aguilar, I.},
  year = {1998},
  journal = {Agronomy journal},
  issn = {0002-1962},
  langid = {english}
}

@article{colbachEvaluatingFieldScaleSampling2000,
  title = {Evaluating {{Field}}-{{Scale Sampling Methods}} for the {{Estimation}} of {{Mean Plant Densities}} of {{Weeds}}},
  author = {Colbach and Dessaint and Forcella},
  year = {2000},
  month = oct,
  journal = {Weed Research},
  volume = {40},
  number = {5},
  pages = {411--430},
  issn = {1365-3180},
  doi = {10/b7rq3k},
  langid = {english},
  keywords = {Gaussian simulations,kriging,sampling plans,semivariogram,spatial distribution},
  file = {/Users/huongnguyen/Zotero/storage/KNGU5PM5/Colbach et al. - 2000 - Evaluating field-scale sampling methods for the es.pdf}
}

@article{colwellModelsEstimatorsLinking2012,
  title = {Models and Estimators Linking Individual-Based and Sample-Based Rarefaction, Extrapolation and Comparison of Assemblages},
  author = {Colwell, Robert K. and Chao, Anne and Gotelli, Nicholas J. and Lin, Shang-Yi and Mao, Chang Xuan and Chazdon, Robin L. and Longino, John T.},
  year = {2012},
  month = mar,
  journal = {J Plant Ecol},
  volume = {5},
  number = {1},
  pages = {3--21},
  issn = {1752-9921},
  doi = {10/fzqffn},
  langid = {english}
}

@article{corainNonparametricPermutationCombinationbased2013,
  title = {Nonparametric Permutation and Combination-Based Multivariate Control Charts with Applications in Microelectronics},
  author = {Corain, L. and Salmaso, L.},
  year = {2013},
  journal = {Applied Stochastic Models in Business and Industry},
  volume = {29},
  number = {4},
  pages = {334--349},
  doi = {10/gdpd4z},
  keywords = {finite-sample consistency,multivariate tests,nonparametric combination,NPC Chart},
  file = {/Users/huongnguyen/Zotero/storage/3F6VLPAS/display.html}
}

@article{davisIncreasingCroppingSystem2012,
  title = {Increasing Cropping System Diversity Balances Productivity, Profitability and Environmental Health},
  author = {Davis, Adam S. and Hill, Jason D. and Chase, Craig A. and Johanns, Ann M. and Liebman, Matt},
  year = {2012},
  month = oct,
  journal = {PLOS ONE},
  volume = {7},
  number = {10},
  pages = {e47149},
  issn = {1932-6203},
  doi = {10/f39nr2},
  keywords = {Biodiversity,Cereal crops,Crops,Fertilizers,Herbicides,Maize,Soybean,Weeds},
  file = {/Users/huongnguyen/Zotero/storage/CCVT2VSC/Davis et al. - 2012 - Increasing Cropping System Diversity Balances Prod.pdf}
}

@article{davisSeedBurialPhysical2013,
  title = {Seed {{Burial Physical Environment Explains Departures}} from {{Regional Hydrothermal Model}} of {{Giant Ragweed}} ({{Ambrosia}} Trifida) {{Seedling Emergence}} in {{U}}.{{S}}. {{Midwest}}},
  author = {Davis, Adam S. and Clay, Sharon and Cardina, John and Dille, Anita and Forcella, Frank and Lindquist, John and Sprague, Christy},
  year = {2013},
  month = sep,
  journal = {Weed Science},
  volume = {61},
  number = {3},
  pages = {415--421},
  issn = {0043-1745, 1550-2759},
  doi = {10/f436bk},
  langid = {english},
  keywords = {/span\&gt,\&gt,\&lt,Abiotic influences on seed dormancy,Ambrosia trifida\&lt,Giant ragweed,hydrothermal time,italic\&\#39,L,nonlinear mixed effects models,regional environmental variation,seedling recruitment phenology,span class=\&\#39},
  file = {/Users/huongnguyen/Zotero/storage/IGKMCH7B/Davis et al. - 2013 - Seed Burial Physical Environment Explains Departur.pdf}
}

@article{davisUsingMatrixModels2004,
  title = {Using {{Matrix Models}} to {{Determine Cropping System Effects}} on {{Annual Weed Demography}}},
  author = {Davis, Adam S. and Dixon, Philip M. and Liebman, Matt},
  year = {2004},
  journal = {Ecological Applications},
  volume = {14},
  number = {3},
  pages = {655--668},
  issn = {1051-0761}
}

@article{davisWeedSeedbankCommunity2005,
  title = {Weed Seedbank and Community Shifts in a Long-Term Cropping Systems Experiment},
  author = {Davis, Adam S. and Renner, Karen A. and Gross, Katherine L.},
  year = {2005},
  month = jun,
  journal = {Weed Science},
  volume = {53},
  number = {3},
  pages = {296--306},
  issn = {0043-1745, 1550-2759},
  doi = {10/fkd3dj},
  langid = {english},
  keywords = {(L.) Merr. ‘Pioneer 9172’,(L.) Vill. STEME,/span\&gt,\&gt,\&lt,Amaranthus retroflexus\&lt,AMARE,Chenopodium album\&lt,Common chickweed,common lambsquarters,corn,Cropping systems,density,Digitaria sanguinalis\&lt,diversity,fall panicum,Glycine max\&lt,interference,italic\&\#39,L.,L. ‘Michigan Mammoth Red’,L. ‘Pioneer 2552’,L. ‘Pioneer 3573’,L. CHEAL,L. DIGSA,large crabgrass,Michx. PANDI,multivariate analysis,Panicum dichotomiflorum\&lt,red clover,redroot pigweed,richness,seedbank,soybean,span class=\&\#39,Stellaria media\&lt,Trifolium pratense\&lt,Triticum aestivum\&lt,weed community,wheat,Zea mays\&lt},
  file = {/Users/huongnguyen/Zotero/storage/VQW6UDSS/Davis et al. - 2005 - Weed seedbank and community shifts in a long-term .pdf}
}

@article{davisWhenDoesIt2006,
  title = {When Does It Make Sense to Target the Weed Seed Bank?},
  author = {Davis, Adam S.},
  year = {2006},
  month = jun,
  journal = {Weed Science},
  volume = {54},
  number = {3},
  pages = {558--565},
  issn = {0043-1745, 1550-2759},
  doi = {10/bvs75g},
  langid = {english},
  keywords = {(L.) Scop. CIRAR,(M. Bieb.) Cavara and Grande ALPET,/span\&gt,\&gt,\&lt,Alliaria petiolata\&lt,Canada thistle,Chenopodium album\&lt,Cirsium arvense\&lt,Common lambsquarters,Elasticity analysis,garlic mustard,giant foxtail,Herrm. SETFA,italic\&\#39,L. CHEAL,matrix modeling,seed bank,seed mortality,Setaria faberi\&lt,span class=\&\#39,target transitions,weed life histories},
  file = {/Users/huongnguyen/Zotero/storage/5UDA25MV/Davis - 2006 - When does it make sense to target the weed seed ba.pdf}
}

@article{dessaintEtudeCooperativeEWRS1992,
  title = {Etude Coop\'erative {{EWRS}}: La D\'etermination Du Potentiel Semencier: {{II}}\textemdash Estimation de La Pr\'ecision Relative Sur La Moyenne \`a Partir de Composites},
  shorttitle = {Etude Coop\'erative {{EWRS}}},
  author = {Dessaint, F. and Barralis, G. and Beuret, E. and Caixinha, M. L. and Post, B. J. and Zanin, G.},
  year = {1992},
  month = apr,
  journal = {Weed Research},
  volume = {32},
  number = {2},
  pages = {95--101},
  issn = {1365-3180},
  doi = {10/bszshm},
  langid = {english},
  file = {/Users/huongnguyen/Zotero/storage/SQ2IRPXY/Dessaint et al. - 1992 - Etude coopérative EWRS la détermination du potent.pdf}
}

@article{dessaintNineYearsSoil1997,
  title = {Nine {{Years}}' {{Soil Seed Bank}} and {{Weed Vegetation Relationships}} in an {{Arable Field Without Weed Control}}},
  author = {Dessaint, F. and Chadoeuf, R. and Barralis, G.},
  year = {1997},
  journal = {Journal of Applied Ecology},
  volume = {34},
  number = {1},
  pages = {123--130},
  issn = {0021-8901},
  doi = {10/bxbz2j}
}

@article{dessaintPrecisionSoilSeedbank1996,
  title = {Precision of Soil Seedbank Sampling: How Many Soil Cores?},
  shorttitle = {Precision of Soil Seedbank Sampling},
  author = {Dessaint, F. and Barralis, G. and Caixinhas, M. L. and Mayor, J.-P. and Recasens, J. and Zanin, G.},
  year = {1996},
  month = apr,
  journal = {Weed Research},
  volume = {36},
  number = {2},
  pages = {143--151},
  issn = {1365-3180},
  doi = {10/dtkg8b},
  langid = {english},
  file = {/Users/huongnguyen/Zotero/storage/6V6IF7IS/Dessaint et al. - 1996 - Precision of soil seedbank sampling how many soil.pdf}
}

@article{dessaintSpatialPatternAnalysis1991,
  title = {Spatial {{Pattern Analysis}} of {{Weed Seeds}} in the {{Cultivated Soil Seed Bank}}},
  author = {Dessaint, F. and Chadoeuf, R. and Barralis, G.},
  year = {1991},
  journal = {Journal of Applied Ecology},
  volume = {28},
  number = {2},
  pages = {721--730},
  issn = {0021-8901},
  doi = {10/cqr6g2}
}

@article{devoreInfluenceDeepTillage2012,
  title = {Influence of {{Deep Tillage}} and a {{Rye Cover Crop}} on {{Glyphosate}}-{{Resistant Palmer Amaranth}} ({{Amaranthus}} Palmeri) {{Emergence}} in {{Cotton}}},
  author = {DeVore, Justin D. and Norsworthy, Jason K. and Brye, Kristofor R.},
  year = {2012},
  month = dec,
  journal = {Weed Technology},
  volume = {26},
  number = {4},
  pages = {832--838},
  issn = {0890-037X, 1550-2740},
  doi = {10/f4g5hc},
  langid = {english}
}

@article{diggleHerbicidesUsedCombination2003,
  title = {Herbicides Used in Combination Can Reduce the Probability of Herbicide Resistance in Finite Weed Populations},
  author = {Diggle, A. J. and Neve, P. B. and Smith, F. P.},
  year = {2003},
  month = oct,
  journal = {Weed Research},
  volume = {43},
  number = {5},
  pages = {371--382},
  issn = {1365-3180},
  doi = {10/c862xv},
  langid = {english},
  keywords = {herbicide resistance,mixtures,modelling,reduction,simulation},
  file = {/Users/huongnguyen/Zotero/storage/Q8JJ7CFS/Diggle et al. - 2003 - Herbicides used in combination can reduce the prob.pdf}
}

@article{ellisonPartitioningDiversity1,
  title = {Partitioning Diversity1},
  author = {Ellison, Aaron M.},
  journal = {Ecology},
  volume = {91},
  number = {7},
  pages = {1962--1963},
  issn = {1939-9170},
  doi = {10/b2kd7x},
  copyright = {\textcopyright{} 2010 by the Ecological Society of America},
  langid = {english},
  keywords = {alpha diversity,beta diversity,diversity partition,gamma diversity,numbers equivalents,simulation modeling,species diversity}
}

@article{forcellaApplicationWeedSeedbank1993,
  title = {Application of Weed Seedbank Ecology to Low-Input Crop Management},
  author = {Forcella, Frank and {Eradat-Oskoui}, Kazem and Wagner, Steven W.},
  year = {1993},
  month = feb,
  journal = {Ecol Appl},
  volume = {3},
  number = {1},
  pages = {74--83},
  issn = {1051-0761},
  doi = {10/b7g69x},
  langid = {english},
  pmid = {27759235}
}

@article{forcellaWeedSeedBank1997,
  title = {Weed Seed Bank Emergence across the Corn Belt},
  author = {Forcella, Frank and Wilson, Robert G. and Dekker, Jack and Kremer, Robert J. and Cardina, John and Anderson, Randy L. and Alm, David and Renner, Karen A. and Harvey, R. Gordon and Clay, Sharon and Buhler, Douglas D.},
  year = {1997},
  journal = {Weed Science},
  volume = {45},
  number = {1},
  pages = {67--76},
  issn = {0043-1745}
}

@article{forcellaWeedSeedbanksCorn1992,
  title = {Weed Seedbanks of the {{U}}.{{S}}. {{Corn Belt}}: Magnitude, Variation, Emergence, and Application},
  shorttitle = {Weed Seedbanks of the u.s. Corn Belt},
  author = {Forcella, Frank and Wilson, Robert G. and Renner, Karen A. and Dekker, Jack and Harvey, Robert G. and Alm, David A. and Buhler, Douglas D. and Cardina, John},
  year = {1992},
  journal = {Weed Science},
  volume = {40},
  number = {4},
  pages = {636--644},
  issn = {0043-1745}
}

@misc{fraleyMclustGaussianMixture2017,
  title = {Mclust: Gaussian {{Mixture Modelling}} for {{Model}}-{{Based Clustering}}, {{Classification}}, and {{Density Estimation}}},
  shorttitle = {Mclust},
  author = {Fraley, Chris and Raftery, Adrian E. and Scrucca, Luca and Murphy, Thomas Brendan and Fop, Michael},
  year = {2017},
  month = nov,
  copyright = {GPL-2 | GPL-3 [expanded from: GPL ({$\geq$} 2)]},
  keywords = {Cluster,Distributions,Environmetrics,Multivariate}
}

@article{geddesCriticalPeriodWeed2021,
  title = {The Critical Period for Weed Seed Control: A Proposed Framework to Limit Weed Seed Return},
  shorttitle = {The Critical Period for Weed Seed Control},
  author = {Geddes, Charles M. and Davis, Adam S.},
  editor = {Haramoto, Erin},
  year = {2021},
  month = aug,
  journal = {Weed Res},
  volume = {61},
  number = {4},
  pages = {282--287},
  issn = {0043-1737, 1365-3180},
  doi = {10/gj454h},
  langid = {english}
}

@article{gilbertDistributionRankingsGroups2003,
  title = {Distribution of Rankings for Groups Exhibiting Heteroscedasticity and Correlation},
  author = {Gilbert, S.},
  year = {2003},
  journal = {Journal of the American Statistical Association},
  volume = {98},
  number = {461},
  pages = {147--157},
  doi = {10/cspzdw},
  keywords = {Asymptotic,One-way analysis of variance,Ranking distribution,Simulation},
  file = {/Users/huongnguyen/Zotero/storage/KBD5HVPI/display.html}
}

@article{goodPopulationFrequenciesSpecies1953,
  title = {The {{Population Frequencies}} of {{Species}} and the {{Estimation}} of {{Population Parameters}}},
  author = {Good, I. J.},
  year = {1953},
  journal = {Biometrika},
  volume = {40},
  number = {3/4},
  pages = {237--264},
  issn = {0006-3444},
  doi = {10/d7kccb}
}

@article{goodTuringAnticipationEmpirical2000,
  title = {Turing's Anticipation of Empirical Bayes in Connection with the Cryptanalysis of the Naval Enigma},
  author = {Good, I. J.},
  year = {2000},
  month = may,
  journal = {Journal of Statistical Computation and Simulation},
  volume = {66},
  number = {2},
  pages = {101--111},
  issn = {0094-9655},
  doi = {10/bqxnxz},
  keywords = {bletchley park,coverage of a sample,cryptology,empirical bayes,enigma,language statistics,probabilities of unobserved events,species sampling,Turing,word frequencies}
}

@misc{goralGoevegFunctionsCommunity2017,
  title = {Goeveg: Functions for {{Community Data}} and {{Ordinations}}},
  shorttitle = {Goeveg},
  author = {Goral, Friedemann and Schellenberg, Jenny},
  year = {2017},
  month = jan,
  copyright = {GPL-2 | GPL-3 [expanded from: GPL ({$\geq$} 2)]}
}

@misc{gotelliRareNMtestsEcologicalBiogeographical2014,
  title = {{{rareNMtests}}: Ecological and Biogeographical Null Model Tests for Comparing Rarefaction Curves},
  shorttitle = {{{rareNMtests}}},
  author = {Gotelli, Luis Cayuela {and} Nicholas J.},
  year = {2014},
  month = oct,
  copyright = {GPL-2 | GPL-3 [expanded from: GPL ({$\geq$} 2)]}
}

@misc{hallettCodynCommunityDynamics2018,
  title = {Codyn: Community {{Dynamics Metrics}}},
  shorttitle = {Codyn},
  author = {Hallett, Lauren and Avolio, Meghan L. and Carroll, Ian T. and Jones, Sydney K. and MacDonald, A. Andrew M. and Flynn, Dan F. B. and Slaughter, Peter and Ripplinger, Julie and Collins, Scott L. and Gries, Corinna and Jones, Matthew B.},
  year = {2018},
  month = jun,
  copyright = {Apache License (== 2.0)}
}

@article{hallModelingVariabilityRankings2010,
  title = {Modeling the Variability of Rankings},
  author = {Hall, P. and Miller, H.},
  year = {2010},
  journal = {Annals of Statistics},
  volume = {38},
  number = {5},
  pages = {2652--2677},
  doi = {10/cnhv94},
  keywords = {Bootstrap,Exponential distribution,Exponential tails,Extreme values,Order statistics,Pareto distribution,Performance rankings,Regularly varying tails},
  file = {/Users/huongnguyen/Zotero/storage/PG39XG76/display.html}
}

@article{hallModeratedeviationbasedInferenceRandom2012,
  title = {Moderate-Deviation-Based Inference for Random Degeneration in Paired Rank Lists},
  author = {Hall, P. and Schimek, M.G.},
  year = {2012},
  journal = {Journal of the American Statistical Association},
  volume = {107},
  number = {498},
  pages = {661--672},
  doi = {10/f4cfnb},
  keywords = {Aggregation of rankings,Bounds based on deviances,Nonparametric inference,Ordered ranking,Top-k ranking},
  file = {/Users/huongnguyen/Zotero/storage/9ILJQRF9/display.html}
}

@incollection{harkerDiversifiedWeedManagement2004,
  title = {Diversified {{Weed Management Systems}}},
  booktitle = {Weed {{Biology}} and {{Management}}},
  author = {Harker, K. Neil and Clayton, George W.},
  year = {2004},
  pages = {251--265},
  publisher = {{Springer, Dordrecht}},
  doi = {10.1007/978-94-017-0552-3_12},
  isbn = {978-90-481-6493-6 978-94-017-0552-3},
  langid = {english}
}

@article{hawesArablePlantCommunities2010,
  title = {Arable Plant Communities as Indicators of Farming Practice},
  author = {Hawes, C. and Squire, G. R. and Hallett, P. D. and Watson, C. A. and Young, M.},
  year = {2010},
  month = jun,
  journal = {Agriculture, Ecosystems \& Environment},
  volume = {138},
  number = {1},
  pages = {17--26},
  issn = {0167-8809},
  doi = {10/fn9frr}
}

@article{heggenstallerImpactsDifferentialWeed2004,
  title = {Impacts of Differential Weed Seedling Recruitment in Conventional and Diversified Cropping Systems},
  author = {Heggenstaller, Andrew H. and Liebman, Matt and Westerman, Paula R. and Menalled, Fabian D.},
  year = {2004},
  journal = {Ecological Society of America Annual Meeting Abstracts},
  volume = {89},
  pages = {214--214},
  keywords = {⛔ No DOI found}
}

@article{hillDetrendedCorrespondenceAnalysis1980,
  title = {Detrended Correspondence Analysis: An Improved Ordination Technique},
  shorttitle = {Detrended Correspondence Analysis},
  author = {Hill, M. O. and Gauch, H. G.},
  year = {1980},
  month = oct,
  journal = {Vegetatio},
  volume = {42},
  number = {1},
  pages = {47--58},
  issn = {1573-5052},
  doi = {10/dxdxvr},
  langid = {english}
}

@article{hillDiversityEvennessUnifying,
  title = {Diversity and {{Evenness}}: A {{Unifying Notation}} and {{Its Consequences}}},
  shorttitle = {Diversity and {{Evenness}}},
  author = {Hill, M. O.},
  journal = {Ecology},
  volume = {54},
  number = {2},
  pages = {427--432},
  issn = {1939-9170},
  doi = {10/d42q4v},
  copyright = {\textcopyright{} 1973 by the Ecological Society of America},
  langid = {english}
}

@article{hsiehINEXTPackageRarefaction,
  title = {{{iNEXT}}: An {{R}} Package for Rarefaction and Extrapolation of Species Diversity ({{Hill}} Numbers)},
  shorttitle = {{{iNEXT}}},
  author = {Hsieh, T. C. and Ma, K. H. and Chao, Anne},
  journal = {Methods in Ecology and Evolution},
  volume = {7},
  number = {12},
  pages = {1451--1456},
  issn = {2041-210X},
  doi = {10/gdskcx},
  copyright = {\textcopyright{} 2016 The Authors. Methods in Ecology and Evolution \textcopyright{} 2016 British Ecological Society},
  langid = {english},
  keywords = {abundance data,incidence data,sample coverage,Shannon diversity,Simpson diversity,species richness}
}

@article{jordanSimulationAnalysisWeed1993,
  title = {Simulation {{Analysis}} of {{Weed Population Dynamics}} in {{Ridge}}-{{Tilled}} Fields},
  author = {Jordan, Nicholas},
  year = {1993},
  month = sep,
  journal = {Weed Science},
  volume = {41},
  number = {3},
  pages = {468--474},
  issn = {0043-1745, 1550-2759},
  doi = {10/ghkhdm},
  langid = {english},
  keywords = {_Invalid DOI,(L.) Beauv. \#\&lt,/span\&gt,\&gt,\&lt,3\&lt,ABUTH,Abutilon theophrasti\&lt,conservation tillage,italic\&\#39,Medik \# ABUTH,nonchemical weed control,persistent seedbank species,population modeling,seedbank dynamics,Setaria lutescens\&lt,SETLU,span class=\&\#39,sup\&\#39,transient seedbank species,velvetleaf,Weed demography,Yellow foxtail},
  file = {/Users/huongnguyen/Zotero/storage/BNXPAILY/Jordan - 1993 - Simulation Analysis of Weed Population Dynamics in.pdf}
}

@article{jordanWeedDemographyPopulation1992,
  title = {Weed {{Demography}} and {{Population Dynamics}}: Implications for {{Threshold Management}}},
  shorttitle = {Weed {{Demography}} and {{Population Dynamics}}},
  author = {Jordan, Nicholas},
  year = {1992},
  month = mar,
  journal = {Weed Technology},
  volume = {6},
  number = {1},
  pages = {184--190},
  issn = {0890-037X, 1550-2740},
  doi = {10/gddmd7},
  langid = {english},
  keywords = {economic optimum threshold,Population ecology,risk analysis},
  file = {/Users/huongnguyen/Zotero/storage/8EFL2YWQ/Jordan - 1992 - Weed Demography and Population Dynamics Implicati.pdf}
}

@incollection{keddySeedBanksVegetation1989,
  title = {Seed {{Banks}} and {{Vegetation Management}} for {{Conservation}}: Toward {{Predictive Community Ecology}}},
  booktitle = {Ecology of {{Soil Seed Banks}}},
  author = {Keddy, Paul A. and Wisheu, Irene C. and Shipley, Bill and Gaudet, Connie},
  editor = {Leck, Mary Allessio and Parker, V. Thomas and Simpson, Robert L.},
  year = {1989},
  month = jan,
  pages = {347--363},
  publisher = {{Academic Press}},
  doi = {10.1016/B978-0-12-440405-2.50021-X},
  isbn = {978-0-12-440405-2}
}

@misc{kindtBiodiversityRPackageCommunity2018,
  title = {{{BiodiversityR}}: Package for {{Community Ecology}} and {{Suitability Analysis}}},
  shorttitle = {{{BiodiversityR}}},
  author = {Kindt, Roeland},
  year = {2018},
  month = feb,
  copyright = {GPL-2},
  keywords = {Environmetrics}
}

@book{kindtTreeDiversityAnalysis2005,
  title = {Tree Diversity Analysis: A Manual and Software for Common Statistical Methods for Ecological and Biodiversity Studies},
  shorttitle = {Tree Diversity Analysis},
  author = {Kindt, Roeland and Coe, Richard},
  year = {2005},
  publisher = {{World Agrofirestry Centre}},
  address = {{Nairobi, Kenya}},
  isbn = {978-92-9059-179-5},
  langid = {english},
  lccn = {SD387.M33 K56 2005},
  keywords = {Forest ecology,Forests and forestry,Mathematical models},
  file = {/Users/huongnguyen/Zotero/storage/988QIN4H/Kindt and Coe - 2005 - Tree diversity analysis a manual and software for.pdf}
}

@misc{korkmazMVNMultivariateNormality2018,
  title = {{{MVN}}: Multivariate {{Normality Tests}}},
  shorttitle = {{{MVN}}},
  author = {Korkmaz, Selcuk and Goksuluk, Dincer and Zararsiz, Gokmen},
  year = {2018},
  month = apr,
  copyright = {GPL-2 | GPL-3 [expanded from: GPL ({$\geq$} 2)]}
}

@article{kroeseWhyMonteCarlo2014,
  title = {Why the {{Monte Carlo}} Method Is so Important Today},
  author = {Kroese, Dirk P. and Brereton, Tim and Taimre, Thomas and Botev, Zdravko I.},
  year = {2014},
  month = nov,
  journal = {Wiley Interdisciplinary Reviews: Computational Statistics},
  volume = {6},
  number = {6},
  pages = {386--392},
  issn = {1939-0068},
  doi = {10/gcpf8m},
  copyright = {\textcopyright{} 2014 Wiley Periodicals, Inc.},
  langid = {english},
  keywords = {estimation,MCMC,Monte Carlo method,randomized optimization,simulation},
  file = {/Users/huongnguyen/Zotero/storage/6BRZKYWN/Kroese et al. - 2014 - Why the Monte Carlo method is so important today.pdf}
}

@incollection{leckWetlandSeedBanks1989,
  title = {Wetland {{Seed Banks}}},
  booktitle = {Ecology of {{Soil Seed Banks}}},
  author = {Leck, Mary Allessio},
  editor = {Leck, Mary Allessio and Parker, V. Thomas and Simpson, Robert L.},
  year = {1989},
  month = jan,
  pages = {283--305},
  publisher = {{Academic Press}},
  doi = {10.1016/B978-0-12-440405-2.50018-X},
  isbn = {978-0-12-440405-2}
}

@article{leonWeedSeedBanks2015,
  title = {Weed {{Seed Banks Are More Dynamic}} in a {{Sod}}-{{Based}}, {{Than}} in a {{Conventional}}, {{Peanut}}\textendash{{Cotton Rotation}}},
  author = {Leon, Ramon G. and Wright, David L. and Marois, James J.},
  year = {2015},
  month = dec,
  journal = {Weed Science},
  volume = {63},
  number = {4},
  pages = {877--887},
  issn = {0043-1745, 1550-2759},
  doi = {10/gddc88},
  langid = {english},
  keywords = {/span\&gt,\&gt,\&lt,Arachis hypogaea\&lt,Bahiagrass,Community,cotton,dormancy,Fluegg,germination,Gossypium hirsutum\&lt,integrated weed management,italic\&\#39,L.,long-term research,Paspalum notatum\&lt,peanut,populations,span class=\&\#39},
  file = {/Users/huongnguyen/Zotero/storage/2QZKL45A/Leon et al. - 2015 - Weed Seed Banks Are More Dynamic in a Sod-Based, T.pdf}
}

@article{liebmanIntegrationSoilCrop2000,
  title = {Integration of Soil, Crop and Weed Management in Low-External-Input Farming Systems},
  author = {Liebman, Matt and Davis, Adam S.},
  year = {2000},
  month = feb,
  journal = {Weed Research},
  volume = {40},
  number = {1},
  pages = {27--47},
  issn = {1365-3180},
  doi = {10/fk3p9c},
  langid = {english},
  keywords = {crop diversification,organic soil amendments,phytotoxicity,seed mass},
  file = {/Users/huongnguyen/Zotero/storage/UPAVXD5P/Liebman and Davis - 2000 - Integration of soil, crop and weed management in l.pdf}
}

@incollection{liebmanWeedsSoilEnvironment2001,
  title = {Weeds and the Soil Environment},
  booktitle = {Ecological {{Management}} of {{Agricultural Weeds}}},
  author = {Liebman, Matt and Mohler, Charles L.},
  editor = {Mohler, Charles L. and Staver, Charles P. and Liebman, Matt},
  year = {2001},
  pages = {210--268},
  publisher = {{Cambridge University Press}},
  address = {{Cambridge}},
  doi = {10.1017/CBO9780511541810.006},
  isbn = {978-0-521-56068-9}
}

@incollection{loudaPredationDynamicsSeed1989,
  title = {Predation in the {{Dynamics}} of {{Seed Regeneration}}},
  booktitle = {Ecology of {{Soil Seed Banks}}},
  author = {Louda, Sva{\v t}a M.},
  editor = {Leck, Mary Allessio and Parker, V. Thomas and Simpson, Robert L.},
  year = {1989},
  month = jan,
  pages = {25--51},
  publisher = {{Academic Press}},
  doi = {10.1016/B978-0-12-440405-2.50008-7},
  isbn = {978-0-12-440405-2}
}

@article{mccloskeyDynamicsExperimentalArable1996,
  title = {The Dynamics of Experimental Arable Weed Communities under Different Management Practices},
  author = {McCloskey, M. and Firbank, L. G. and Watkinson, A. R. and Webb, D. J.},
  year = {1996},
  month = dec,
  journal = {Journal of Vegetation Science},
  volume = {7},
  number = {6},
  pages = {799--808},
  issn = {1654-1103},
  doi = {10/fs43xs},
  copyright = {1996 IAVS - the International Association of Vegetation Science},
  langid = {english}
}

@article{menalledWeedAbovegroundSeedbank2001,
  ids = {menalledWeedAbovegroundSeedbank},
  title = {Weed Aboveground and Seedbank Community Responses to Agricultural Management Systems},
  author = {Menalled, Fabi{\'a}n D. and Gross, Katherine L. and Hammond, Mark},
  year = {2001},
  journal = {Ecological Applications},
  volume = {11},
  number = {6},
  pages = {1586--1601},
  issn = {1939-5582},
  doi = {10/dpj63j},
  copyright = {\textcopyright{} 2001 by the Ecological Society of America},
  langid = {english},
  keywords = {agroecosystems,annual row crops,diversity,Long Term Ecological Research (LTER),management systems,temporal patterns,weed community dynamics}
}

@article{mesgaranComparisonThreeMethodologies2007,
  title = {Comparison of {{Three Methodologies}} for {{Efficient Seed Extraction}} in {{Studies}} of {{Soil Weed Seedbanks}}},
  author = {Mesgaran, M. B. and Mashhadi, H. R. and Zand, E. and Alizadeh, H. M.},
  year = {2007},
  month = dec,
  journal = {Weed Research},
  volume = {47},
  number = {6},
  pages = {472--478},
  issn = {1365-3180},
  doi = {10/cr7cwj},
  langid = {english}
}

@article{metropolisMonteCarloMethod1949,
  title = {The {{Monte Carlo Method}}},
  author = {Metropolis, Nicholas and Ulam, S.},
  year = {1949},
  journal = {Journal of the American Statistical Association},
  volume = {44},
  number = {247},
  pages = {335--341},
  issn = {0162-1459},
  doi = {10/dvn2n8}
}

@incollection{murdochDormancyViabilityLongevity2000,
  title = {Dormancy, Viability and Longevity.},
  booktitle = {Seeds: The Ecology of Regeneration in Plant Communities},
  author = {Murdoch, A. J. and Ellis, R. H.},
  editor = {Fenner, M.},
  year = {2000},
  edition = {Second},
  pages = {183--214},
  publisher = {{CABI}},
  address = {{Wallingford}},
  doi = {10.1079/9780851994321.0183},
  isbn = {978-0-85199-432-1},
  langid = {english}
}

@article{nguyenReducingHerbicideUse2016,
  title = {{Reducing Herbicide Use Through Cropping System Diversification: A Case Study at the Iowa State University Marsden Farm, and Some Recommendations for the Mekong Delta of Vietnam}},
  shorttitle = {{Reducing Herbicide Use Through Cropping System Diversification}},
  author = {Nguyen, Huong},
  year = {2016},
  month = jan,
  journal = {Graduate Theses and Dissertations},
  pages = {107},
  doi = {10/ghknpz},
  copyright = {CC0 1.0 Universal Public Domain Dedication},
  langid = {English (United States), en-US},
  file = {/Users/huongnguyen/Zotero/storage/QH7AGEWV/15779.html}
}

@misc{oksanenVeganCommunityEcology2018,
  title = {Vegan: Community {{Ecology Package}}},
  shorttitle = {Vegan},
  author = {Oksanen, Jari and Blanchet, F. Guillaume and Friendly, Michael and Kindt, Roeland and Legendre, Pierre and McGlinn, Dan and Minchin, Peter R. and O'Hara, R. B. and Simpson, Gavin L. and Solymos, Peter and Stevens, M. Henry H. and Szoecs, Eduard and Wagner, Helene},
  year = {2018},
  month = apr,
  copyright = {GPL-2}
}

@article{orejaPopulationGrowthRates,
  title = {Population Growth Rates of Weed Species in Response to Herbicide Programme Intensity and Their Impact on Weed Community},
  author = {Oreja, Fernando H. and Inman, Matthew D. and Jordan, David L. and Leon, Ramon G.},
  journal = {Weed Research},
  volume = {n/a},
  number = {n/a},
  issn = {1365-3180},
  doi = {10/gmx8t2},
  langid = {english},
  annotation = {\_eprint: https://onlinelibrary.wiley.com/doi/pdf/10.1111/wre.12509}
}

@incollection{parkerPatternProcessDynamics1989,
  title = {Pattern and {{Process}} in the {{Dynamics}} of {{Seed Banks}}},
  booktitle = {Ecology of {{Soil Seed Banks}}},
  author = {Parker, V. Thomas and Simpson, Robert L. and Leck, Mary Allessio},
  editor = {Leck, Mary Allessio and Parker, V. Thomas and Simpson, Robert L.},
  year = {1989},
  month = jan,
  pages = {367--384},
  publisher = {{Academic Press}},
  doi = {10.1016/B978-0-12-440405-2.50022-1},
  isbn = {978-0-12-440405-2}
}

@article{rahmanEvaluationTwoMethods1995,
  title = {Evaluation of {{Two Methods}} for {{Enumerating}} the {{Soil Weed Seedbank}}},
  author = {Rahman, A. and James, T. K. and Grbavac, N. and Mellsop, J.},
  year = {1995},
  journal = {Proceedings of the Forty Eighth New Zealand Plant Protection Conference},
  volume = {48},
  pages = {175--180},
  issn = {1172-0719},
  doi = {10/ghknp5}
}

@article{rahmanWeedSeedbankEstimation1998,
  title = {Weed Seedbank Estimation, Spatial Distribution, Decline and Potential for Predicting Future Weed Populations},
  author = {Rahman, A. and James, T. K. and Bourdot, G. and Grbavac, N.},
  year = {1998},
  journal = {Plant Protection Quarterly},
  volume = {13},
  number = {3},
  pages = {117--122},
  issn = {0815-2195}
}

@article{ritzResearchMethodsWeed2015,
  title = {Research {{Methods}} in {{Weed Science}}: Statistics},
  shorttitle = {Research {{Methods}} in {{Weed Science}}},
  author = {Ritz, Christian and Kniss, Andrew R. and Streibig, Jens C.},
  year = {2015},
  month = feb,
  journal = {Weed Science},
  volume = {63},
  number = {SP1},
  pages = {166--187},
  issn = {0043-1745, 1550-2759},
  doi = {10/gddc9j},
  langid = {english},
  file = {/Users/huongnguyen/Zotero/storage/C7RNVI3G/Ritz et al. - 2015 - Research Methods in Weed Science Statistics.pdf}
}

@article{robertsSeedBanksSoils1981,
  title = {Seed Banks in Soils.},
  author = {Roberts, H. A.},
  year = {1981},
  journal = {Advances in Applied Biology},
  volume = {6},
  pages = {1--55},
  issn = {0735-3480},
  langid = {english}
}

@misc{scofieldNestedRanksTestMannWhitneyWilcoxonTest2015,
  title = {{{nestedRanksTest}}: Mann-{{Whitney}}-{{Wilcoxon Test}} for {{Nested Ranks}}},
  shorttitle = {{{nestedRanksTest}}},
  author = {Scofield, Douglas G.},
  year = {2015},
  month = jun,
  copyright = {LGPL-3 | file LICENSE}
}

@article{sosnoskieGlyphosateResistantPalmerAmaranth2014,
  title = {Glyphosate-{{Resistant Palmer Amaranth}} ({{Amaranthus}} Palmeri) {{Increases Herbicide Use}}, {{Tillage}}, and {{Hand}}-{{Weeding}} in {{Georgia Cotton}}},
  author = {Sosnoskie, Lynn M. and Culpepper, A. Stanley},
  year = {2014},
  month = apr,
  journal = {Weed Science},
  volume = {62},
  number = {2},
  pages = {393--402},
  issn = {0043-1745},
  doi = {10/f5z9g9},
  file = {/Users/huongnguyen/Zotero/storage/TNEWK2HR/Sosnoskie and Culpepper - 2014 - Glyphosate-Resistant Palmer Amaranth (Amaranthus p.pdf}
}

@article{sosnoskieWeedSeedbankCommunity2006,
  title = {Weed Seedbank Community Composition in a 35-Yr-Old Tillage and Rotation Experiment},
  author = {Sosnoskie, Lynn M. and Herms, Catherine P. and Cardina, John},
  year = {2006},
  month = mar,
  journal = {Weed Science},
  volume = {54},
  number = {2},
  pages = {263--273},
  issn = {0043-1745},
  doi = {10.1043/0043-1745(2006)54[263:WSCCIA]2.0.CO;2},
  keywords = {_Invalid DOI,⚠️ Invalid DOI,⚠️Invalid DOI},
  file = {/Users/huongnguyen/Zotero/storage/RVKRGTXS/Sosnoskie et al. - 2006 - Weed seedbank community composition in a 35-yr-old.pdf;/Users/huongnguyen/Zotero/storage/WHF8TFBF/Sosnoskie et al. - 2006 - Weed seedbank community composition in a 35-yr-old.pdf;/Users/huongnguyen/Zotero/storage/KZ2YDHK9/0043-1745(2006)54[263WSCCIA]2.0.html}
}

@article{stirlingEmpiricalRelationshipsSpecies2001,
  ids = {stirlingEmpiricalRelationshipsSpecies2001a},
  title = {Empirical Relationships between Species Richness, Evenness, and Proportional Diversity.},
  author = {Stirling, Gray and Wilsey, Brian},
  year = {2001},
  month = sep,
  journal = {The American Naturalist},
  volume = {158},
  number = {3},
  pages = {286--299},
  issn = {0003-0147},
  doi = {10/dxpbpj}
}

@article{symstadSpeciesLossEcosystem1998,
  title = {Species {{Loss}} and {{Ecosystem Functioning}}: Effects of {{Species Identity}} and {{Community Composition}}},
  shorttitle = {Species {{Loss}} and {{Ecosystem Functioning}}},
  author = {Symstad, Amy J. and Tilman, David and Willson, John and Knops, Johannes M. H.},
  year = {1998},
  journal = {Oikos},
  volume = {81},
  number = {2},
  pages = {389--397},
  issn = {0030-1299},
  doi = {10/dfbdx5}
}

@article{terbraakTopicsConstrainedUnconstrained2015,
  title = {Topics in Constrained and Unconstrained Ordination},
  author = {{ter Braak}, Cajo J. F. and {\v S}milauer, Petr},
  year = {2015},
  month = may,
  journal = {Plant Ecol},
  volume = {216},
  number = {5},
  pages = {683--696},
  issn = {1573-5052},
  doi = {10/gg7hx3},
  langid = {english}
}

@misc{TreeDiversityAnalysis,
  title = {Tree Diversity Analysis: A Manual and Software for Common Statistical Methods for Ecological and Biodiversity Studies | {{Eldis}}},
  howpublished = {http://www.eldis.org/document/A23646},
  file = {/Users/huongnguyen/Zotero/storage/SDAEN9QU/A23646.html}
}

@incollection{venableModelingEvolutionaryEcology1989,
  title = {Modeling the {{Evolutionary Ecology}} of {{Seed Banks}}},
  booktitle = {Ecology of {{Soil Seed Banks}}},
  author = {Venable, D. Lawrence},
  editor = {Leck, Mary Allessio and Parker, V. Thomas and Simpson, Robert L.},
  year = {1989},
  month = jan,
  pages = {67--87},
  publisher = {{Academic Press}},
  doi = {10.1016/B978-0-12-440405-2.50010-5},
  isbn = {978-0-12-440405-2}
}

@article{websterWeedSeedRain2003,
  title = {Weed Seed Rain, Soil Seedbanks, and Seedling Recruitment in No-Tillage Crop Rotations},
  author = {Webster, Theodore M. and Cardina, John and White, Anthony D.},
  year = {2003},
  month = aug,
  journal = {Weed Science},
  volume = {51},
  number = {4},
  pages = {569--575},
  issn = {0043-1745, 1550-2759},
  doi = {10/fhwjq5},
  langid = {english},
  keywords = {(L.) Scop. DIGSA,(Poir.) Roem \&amp,/span\&gt,\&gt,\&lt,Acalypha virginica\&lt,Buried seed,Chenopodium album\&lt,Common lambsquarters,Daucus carota\&lt,Digitaria sanguinalis\&lt,fall panicum,giant foxtail,Herrm. SETFA,italic\&\#39,L. ACCVI,L. CHEAL,L. DAUCA,large crabgrass,Michx. PANDI,Panicum dichotomiflorum\&lt,Schult SETLU,seed rain,seed traps,seedbank,seedling recruitment,Setaria faberi\&lt,Setaria\&lt,soil seed reserve,span class=\&\#39,Virginia copperleaf,wild carrot,yellow foxtail},
  file = {/Users/huongnguyen/Zotero/storage/5PBE4TDQ/Webster et al. - 2003 - Weed seed rain, soil seedbanks, and seedling recru.pdf}
}

@article{werlePredictingEmergence232014,
  title = {Predicting Emergence of 23 Summer Annual Weed Species},
  author = {Werle, Rodrigo and Sandell, Lowell D. and Buhler, Douglas D. and Hartzler, Robert G. and Lindquist, John L.},
  year = {2014},
  month = jun,
  journal = {Weed Science},
  volume = {62},
  number = {2},
  pages = {267--279},
  issn = {0043-1745, 1550-2759},
  doi = {10/f5z7zc},
  langid = {english},
  keywords = {AIC criterion,information-theoretic model comparison approach,thermal time,weather data,Weibull model},
  file = {/Users/huongnguyen/Zotero/storage/JPDGICJV/Werle et al. - 2014 - Predicting Emergence of 23 Summer Annual Weed Spec.pdf}
}

@article{wilesNewSoilSampler1996,
  title = {A {{New Soil Sampler}} and {{Elutriator}} for {{Collecting}} and {{Extracting Weed Seeds}} from {{Soil}}},
  author = {Wiles, Lori J. and Barlin, Douglass H. and Schweizer, Edward E. and Duke, Harold R. and Whitt, Douglas E.},
  year = {1996},
  journal = {Weed Technology},
  volume = {10},
  number = {1},
  pages = {35--41},
  issn = {0890-037X},
  doi = {10/ghkhdw}
}

@article{wilsonGoodEnoughPractices2017,
  title = {Good Enough Practices in Scientific Computing},
  author = {Wilson, Greg and Bryan, Jennifer and Cranston, Karen and Kitzes, Justin and Nederbragt, Lex and Teal, Tracy K.},
  year = {2017},
  month = jun,
  journal = {PLOS Computational Biology},
  volume = {13},
  number = {6},
  pages = {e1005510},
  issn = {1553-7358},
  doi = {10/gbkbwp},
  langid = {english},
  keywords = {Computer software,Control systems,Data management,Data processing,Programming languages,Reproducibility,Software tools,Source code},
  file = {/Users/huongnguyen/Zotero/storage/WXL5RZGE/Wilson et al. - 2017 - Good enough practices in scientific computing.pdf}
}


