@article{janak2016weed,
  title={Weed control in corn (Zea mays L.) as influenced by preemergence herbicides},
  author={Janak, Travis W and Grichar, W James},
  journal={International Journal of Agronomy},
  volume={2016},
  year={2016},
  publisher={Hindawi}
}

@article{evans2016managing,
  title={Managing the evolution of herbicide resistance},
  author={Evans, Jeffrey A and Tranel, Patrick J and Hager, Aaron G and Schutte, Brian and Wu, Chenxi and Chatham, Laura A and Davis, Adam S},
  journal={Pest management science},
  volume={72},
  number={1},
  pages={74--80},
  year={2016},
  publisher={Wiley Online Library}
}

@article{sutton2002activity,
  title={Activity of mesotrione on resistant weeds in maize},
  author={Sutton, Peter and Richards, Claire and Buren, Larry and Glasgow, Les},
  journal={Pest management science},
  volume={58},
  number={9},
  pages={981--984},
  year={2002},
  publisher={Wiley Online Library}
}

@article{bagavathiannanPostdispersalLossImportant2013,
  title = {Postdispersal Loss of Important Arable Weed Seeds in the Midsouthern {{United States}}},
  author = {Bagavathiannan, Muthukumar V. and Norsworthy, Jason K.},
  year = {2013},
  month = dec,
  journal = {Weed Science},
  volume = {61},
  number = {4},
  pages = {570--579},
  issn = {0043-1745, 1550-2759},
  doi = {10/f5c394},
  langid = {english}
}

@article{ballComparisonTechniquesEstimation1989,
  title = {A Comparison of Techniques for Estimation of Arable Soil Seedbanks and Their Relationship to Weed Flora},
  author = {Ball, D. A. and Miller, S. D.},
  year = {1989},
  journal = {Weed Research},
  volume = {29},
  number = {5},
  pages = {365--373},
  issn = {1365-3180},
  doi = {10/dk2dhq},
  langid = {english}
}

@article{bellTimeRequirementPollination2010,
  title = {Time Requirement from Pollination to Seed Maturity in Waterhemp ({{{\emph{Amaranthus}}}}{\emph{ Tuberculatus}})},
  author = {Bell, Michael S. and Tranel, Patrick J.},
  year = {2010},
  month = jun,
  journal = {Weed Science},
  volume = {58},
  number = {2},
  pages = {167--173},
  issn = {0043-1745, 1550-2759},
  doi = {10/c547b8},
  keywords = {Amaranthus tuberculatus (Moq.) Sauer AMATU,Dormancy,germination,pollination,seed set,seed weight,Waterhemp}
}

@article{borzaComparingEstimatesSeed2007,
  title = {Comparing Estimates of Seed Viability in Three Foxtail (Setaria) Species Using the Imbibed Seed Crush Test with and without Additional Tetrazolium Testing},
  author = {Borza, Jaclyn K. and Westerman, Paula R. and Liebman, Matt},
  year = {2007},
  month = apr,
  journal = {Weed Technology},
  volume = {21},
  number = {2},
  pages = {518--522},
  issn = {0890-037X},
  doi = {10/d8wnfq}
}

@article{buhlerEmergencePersistenceSeed2001,
  title = {Emergence and Persistence of Seed of Velvetleaf, Common Waterhemp, Woolly Cupgrass, and Giant Foxtail},
  author = {Buhler, Douglas D. and Hartzler, Robert G.},
  year = {2001},
  journal = {Weed Science},
  volume = {49},
  number = {2},
  pages = {230--235},
  issn = {0043-1745, 1550-2759},
  doi = {10/dmnt6f}
}

@article{buhlerWeedSeedBank2001,
  title = {Weed Seed Bank Dynamics during a Five-Year Crop Rotation},
  author = {Buhler, Douglas D. and Kohler, Keith A. and Thompson, Richard L.},
  year = {2001},
  journal = {Weed Technology},
  volume = {15},
  number = {1},
  pages = {170--176},
  issn = {0890-037X, 1550-2740},
  doi = {10/cj6ghv},
  langid = {english},
  keywords = {Amaranthus rudis Sauer \#3 AMATA,Avena sativa L.,Common waterhemp,corn,Cropping systems,foxtail species,Glycine max (L.) Merr,oat,ridge tillage,seed bank,seed distribution,Setaria spp,soybean,Zea mays L.}
}

@article{burnsideSeedLongevity411996,
  title = {Seed Longevity of 41 Weed Species Buried 17 Years in Eastern and Western {{Nebraska}}},
  author = {Burnside, Orvin C. and Wilson, Robert G. and Weisberg, Sanford and Hubbard, Kenneth G.},
  year = {1996},
  journal = {Weed Science},
  volume = {44},
  number = {1},
  pages = {74--86},
  issn = {0043-1745}
}

@book{caswellMatrixPopulationModels2001,
  title = {Matrix Population Models: Construction, Analysis, and Interpretation},
  author = {Caswell, Hal},
  year = {2001},
  edition = {Second},
  publisher = {{Sunderland, Mass. : Sinauer Associates}},
  address = {{Sunderland, Mass.}},
  isbn = {0-87893-096-5},
  langid = {english},
  keywords = {Matrices -- Data processing,Population biology -- Computer simulation}
}

@book{caswellSensitivityAnalysisMatrix2018,
  title = {Sensitivity Analysis: {{Matrix}} Methods in Demography and Ecology},
  shorttitle = {Sensitivity Analysis},
  author = {Caswell, Hal},
  year = {2018},
  publisher = {{Springer Berlin Heidelberg}},
  address = {{New York, NY}},
  isbn = {978-3-030-10533-4}
}

@article{caswellSensitivityAnalysisPeriodic1994,
  title = {Sensitivity Analysis of Periodic Matrix Models},
  author = {Caswell, Hal and Trevisan, Maria Cristina},
  year = {1994},
  journal = {Ecology},
  volume = {75},
  number = {5},
  pages = {1299--1303},
  issn = {1939-9170},
  doi = {10/cbjqq5},
  langid = {english}
}

@article{costeaBiologyInvasiveAlien2005,
  title = {The Biology of Invasive Alien Plants in {{Canada}}. 3. {{{\emph{Amaranthus tuberculatus }}}} ({{Moq}}.) {{Sauer}} Var. {{{\emph{rudis}}}} ({{Sauer}}) {{Costea}} \& {{Tardif}}},
  author = {Costea, Mihai and Weaver, Susan E and Tardif, Fran{\c c}ois J.},
  year = {2005},
  month = apr,
  journal = {Can. J. Plant Sci.},
  volume = {85},
  number = {2},
  pages = {507--522},
  issn = {0008-4220},
  doi = {10/b75t54}
}

@book{cousensDynamicsWeedPopulations1995,
  title = {Dynamics of Weed Populations},
  author = {Cousens, R. and Mortimer, M.},
  year = {1995},
  publisher = {{Cambridge University Press}},
  address = {{Cambridge}},
  doi = {10.1017/CBO9780511608629},
  isbn = {978-0-511-60862-9}
}

@article{cousensModelEffectsCultivation1990,
  title = {A Model of the Effects of Cultivation on the Vertical Distribution of Weed Seeds within the Soil},
  author = {Cousens, Roger and Moss, S. R.},
  year = {1990},
  month = feb,
  journal = {Weed Research},
  volume = {30},
  number = {1},
  pages = {61--70},
  issn = {1365-3180},
  doi = {10/d824tt},
  langid = {english}
}

@phdthesis{davisCroppingSystemEffects2002,
  type = {Doctor of {{Philosophy}}},
  title = {Cropping System Effects on Giant Foxtail Demography},
  author = {Davis, Adam S.},
  year = {2002},
  address = {{Ames}},
  doi = {10.31274/rtd-180814-161},
  school = {Iowa State University, Digital Repository}
}

@article{davisCroppingSystemEffects2003,
  title = {Cropping System Effects on Giant Foxtail ({{{\emph{Setaria faberi}}}}) Demography: {{I}}. {{Green}} Manure and Tillage Timing},
  shorttitle = {Cropping System Effects on Giant Foxtail ({{Setaria}} Faberi) Demography},
  author = {Davis, Adam S. and Liebman, Matt},
  year = {2003},
  month = dec,
  journal = {Weed Science},
  volume = {51},
  number = {6},
  pages = {919--929},
  issn = {0043-1745, 1550-2759},
  doi = {10/bxq7q8},
  keywords = {allelopathy,arthropod activity-density,corn,dormancy,fecundity,Giant foxtail,Glycine max (L.) Merr. ‘IA 2039’,integrated weed management,postdispersal seed predation,red clover,seedbank dynamics,seedling recruitment,Setaria faberi Herrm. SETFA,Soil organic amendments,soybean,spring wheat,Trifolium pratense L. ‘Cherokee’,Triticum aestivum L. ‘Sharp’,Zea mays L. ‘Pioneer 3512’}
}

@article{davisEnvironmentalFactorsAffecting2005,
  ids = {davisEnvironmentalFactorsAffecting2005a},
  title = {Environmental Factors Affecting Seed Persistence of Annual Weeds across the {{U}}.{{S}}. {{Corn Belt}}},
  author = {Davis, Adam S. and Cardina, John and Forcella, Frank and Johnson, Gregg A. and Kegode, George and Lindquist, John L. and Luschei, Edward C. and Renner, Karen A. and Sprague, Christy L. and Williams, Martin M.},
  year = {2005},
  month = dec,
  journal = {Weed Science},
  volume = {53},
  number = {6},
  pages = {860--868},
  publisher = {{[Cambridge University Press, Weed Science Society of America]}},
  issn = {0043-1745, 1550-2759},
  doi = {10/dmvcdf},
  langid = {english}
}

@article{davisInfluenceSeedDepth2007,
  title = {Influence of Seed Depth and Pathogens on Fatal Germination of Velvetleaf ({{Abutilon}} Theophrasti) and Giant Foxtail ({{Setaria}} Faberi)},
  author = {Davis, Adam S. and Renner, Karen A.},
  year = {2007},
  month = feb,
  journal = {Weed sci.},
  volume = {55},
  number = {1},
  pages = {30--35},
  issn = {0043-1745, 1550-2759},
  doi = {10/cdzbdn},
  langid = {english}
}

@article{davisWeedSeedbankCommunity2005,
  title = {Weed Seedbank and Community Shifts in a Long-Term Cropping Systems Experiment},
  author = {Davis, Adam S. and Renner, Karen A. and Gross, Katherine L.},
  year = {2005},
  month = jun,
  journal = {Weed Science},
  volume = {53},
  number = {3},
  pages = {296--306},
  issn = {0043-1745, 1550-2759},
  doi = {10/fkd3dj},
  langid = {english},
  keywords = {(L.) Merr. ‘Pioneer 9172’,(L.) Vill. STEME,/span\&gt,\&gt,\&lt,Amaranthus retroflexus\&lt,AMARE,Chenopodium album\&lt,Common chickweed,common lambsquarters,corn,Cropping systems,density,Digitaria sanguinalis\&lt,diversity,fall panicum,Glycine max\&lt,interference,italic\&\#39,L.,L. ‘Michigan Mammoth Red’,L. ‘Pioneer 2552’,L. ‘Pioneer 3573’,L. CHEAL,L. DIGSA,large crabgrass,Michx. PANDI,multivariate analysis,Panicum dichotomiflorum\&lt,red clover,redroot pigweed,richness,seedbank,soybean,span class=\&\#39,Stellaria media\&lt,Trifolium pratense\&lt,Triticum aestivum\&lt,weed community,wheat,Zea mays\&lt},
  file = {/Users/huongnguyen/Zotero/storage/VQW6UDSS/Davis et al. - 2005 - Weed seedbank and community shifts in a long-term .pdf}
}

@article{davisWeedSeedPools2008,
  title = {Weed Seed Pools Concurrent with Corn and Soybean Harvest in {{Illinois}}},
  author = {Davis, Adam S.},
  year = {2008},
  month = aug,
  journal = {Weed Science},
  volume = {56},
  number = {4},
  pages = {503--508},
  issn = {0043-1745, 1550-2759},
  doi = {10/bmncpf},
  keywords = {(L.) Jacq. IPOHE,(L.) Merr,/span\&gt,\&gt,\&lt,Abutilon theophrasti\&lt,Amaranthus retroflexus\&lt,Amaranthus rudis\&lt,Common cocklebur,common waterhemp,community structure,corn,giant foxtail,Glycine max\&lt,Herrm. SETFA,Ipomoea hederacea\&lt,italic\&\#39,ivyleaf morningglory,L,L. AMARE,L. SIDSP,L. XANST,Medik. ABUTH,prickly sida,redroot pigweed,risk analysis,Sauer AMATA,seed bank replenishment,Seed rain,Setaria faberi\&lt,Sida spinosa\&lt,soybean,span class=\&\#39,velvetleaf,Xanthium strumarium\&lt,Zea mays\&lt},
  file = {/Users/huongnguyen/Zotero/storage/VSP8UH7L/Davis - 2008 - Weed Seed Pools Concurrent with Corn and Soybean H.pdf}
}

@article{francaInfluenceFloodingPeriod2020,
  title = {Influence of Flooding Period and Seed Burial Depth on {{Palmer}} Amaranth ( {\textsc{ }}{{{\textsc{{\emph{Amaranthus}}}}}}{\textsc{{\emph{ Palmeri}}}}{\textsc{ }} ) Seed Germination},
  shorttitle = {Influence of Flooding Period and Seed Burial Depth on {{Palmer}} Amaranth (},
  author = {Franca, Lucas X and Dodds, Darrin M and Reynolds, Daniel B and Bond, Jason A and Mills, Anthony and Catchot, Angus L and Peterson, Daniel G},
  year = {2020},
  month = nov,
  journal = {Pest Manag Sci},
  volume = {76},
  number = {11},
  pages = {3832--3837},
  issn = {1526-498X, 1526-4998},
  doi = {10/gpsrmh},
  langid = {english}
}

@article{gallandtEffectCovercroppingSystems2005,
  title = {Effect of Cover-Cropping Systems on Invertebrate Seed Predation},
  author = {Gallandt, Eric R. and Molloy, Thomas and Lynch, Ryan P. and Drummond, Francis A.},
  year = {2005},
  journal = {Weed Science},
  volume = {53},
  number = {1},
  pages = {69--76},
  issn = {0043-1745, 1550-2759},
  doi = {10/bj4v3z},
  keywords = {(DC.) L.C. Wheeler SINAR,(L.) Beauv. SETLU,(Raf.) Blake GASCI,/span\&gt,\&gt,\&lt,Abutilon theophrasti\&lt,Amaranthus retroflexus\&lt,Biological control,Brassica kaber\&lt,Carabidae,Chenopodium album\&lt,Common lambsquarters,Galinsoga ciliata\&lt,hairy galinsoga,Harpalus rufipes\&lt,invertebrates,italic\&\#39,L. AMARE,L. CHEAL,L. TRFPR,Medicus ABUTH,red clover,redroot pigweed,seed predation,seedbank dynamics,Setaria glauca\&lt,span class=\&\#39,Trifolium pratense\&lt,velvetleaf,wild mustard,yellow foxtail},
  file = {/Users/huongnguyen/Zotero/storage/5YP63YC8/Gallandt et al. - 2005 - Effect of cover-cropping systems on invertebrate s.pdf}
}

@article{gibsonBenchmarkStudyGlyphosateresistant2016,
  title = {Benchmark Study on Glyphosate-Resistant Cropping Systems in the United States. {{Part}} 7: Effects of Weed Management Strategy (Grower Practices versus Academic Recommendations) on the Weed Soil Seedbank over 6 Years},
  shorttitle = {Benchmark Study on Glyphosate-Resistant Cropping Systems in the United States. Part 7},
  author = {Gibson, David J. and Young, Bryan G. and Owen, Micheal DK and Gage, Karla L. and Matthews, Joseph L. and Jordan, David L. and Shaw, David R. and Weller, Stephen C. and Wilson, Robert G.},
  year = {2016},
  month = apr,
  journal = {Pest Management Science},
  volume = {72},
  number = {4},
  pages = {692--700},
  issn = {1526-4998},
  doi = {10/f8t6nh},
  copyright = {\textcopyright{} 2015 Society of Chemical Industry},
  langid = {english},
  keywords = {corn,cotton,genetically engineered crops,genetically modified crops,herbicide-resistant weeds,herbicide-tolerant crops,maize,soybean,weed seedbank}
}

@article{gresselModellingEffectivenessHerbicide1990a,
  ids = {gresselModellingEffectivenessHerbicide1990},
  title = {Modelling the Effectiveness of Herbicide Rotations and Mixtures as Strategies to Delay or Preclude Resistance},
  author = {Gressel, Jonathan and Segel, Lee A.},
  year = {1990},
  month = mar,
  journal = {Weed technol.},
  volume = {4},
  number = {1},
  pages = {186--198},
  issn = {0890-037X, 1550-2740},
  doi = {10.1017/S0890037X00025215},
  langid = {english}
}

@article{hartzlerEffectCommonWaterhemp2004,
  title = {Effect of Common Waterhemp ({{{\emph{Amaranthus rudis}}}}) Emergence Date on Growth and Fecundity in Soybean},
  author = {Hartzler, Robert G. and Battles, Bruce A. and Nordby, Dawn},
  year = {2004},
  month = apr,
  journal = {Weed Science},
  volume = {52},
  number = {2},
  pages = {242--245},
  issn = {0043-1745, 1550-2759},
  doi = {10/cmhpxk},
  keywords = {Amaranthus rudis Sauer AMATA,AMATA,Common waterhemp,critical period,delayed emergence,fecundity,Glycine max (L.) Merr,soybean}
}

@article{heggenstallerSeasonalPatternsPostdispersal2006,
  title = {Seasonal Patterns in Post-Dispersal Seed Predation of {{Abutilon}} Theophrasti and {{Setaria}} Faberi in Three Cropping Systems},
  author = {Heggenstaller, Andrew H. and Menalled, Fabian D. and Liebman, Matt and Westerman, Paula R.},
  year = {2006},
  journal = {Journal of Applied Ecology},
  volume = {43},
  number = {5},
  pages = {999--1010},
  issn = {1365-2664},
  doi = {10/bk6ccs},
  keywords = {crop phenology,crop rotation,ecological weed management,habitat quality,vegetative cover,weed seed predation},
  file = {/Users/huongnguyen/Zotero/storage/KE7BW92M/Heggenstaller et al. - 2006 - Seasonal patterns in post-dispersal seed predation.pdf}
}

@article{heneghanGrowthDevelopmentFive2017,
  title = {The Growth and Development of Five Waterhemp ({{{\emph{Amaranthus tuberculatus}}}}) Populations in a Common Garden},
  author = {Heneghan, Joseph M. and Johnson, William G.},
  year = {2017},
  month = mar,
  journal = {Weed Science},
  volume = {65},
  number = {2},
  pages = {247--255},
  issn = {1550-2759},
  doi = {10/f93hz9}
}

@article{hulmeGlobalDriversHerbicide2022,
  title = {Global Drivers of Herbicide-resistant Weed Richness in Major Cereal Crops Worldwide},
  author = {Hulme, Philip E},
  year = {2022},
  journal = {Pest Management Science},
  pages = {ps.6800},
  issn = {1526-498X, 1526-4998},
  doi = {10/gpsrmg},
  langid = {english}
}

@article{jasieniukEvolutionGeneticsHerbicide1996,
  title = {The Evolution and Genetics of Herbicide Resistance in Weeds},
  author = {Jasieniuk, Marie and {Br{\^u}l{\'e}-Babel}, Anita L. and Morrison, Ian N.},
  year = {1996},
  journal = {Weed Science},
  volume = {44},
  number = {1},
  pages = {176--193},
  issn = {0043-1745},
  file = {/Users/huongnguyen/Zotero/storage/PN7NMVS7/Jasieniuk et al. - 1996 - The Evolution and Genetics of Herbicide Resistance.pdf}
}

@article{johnsonInfluenceGlyphosateresistantCropping2009,
  title = {Influence of Glyphosate-Resistant Cropping Systems on Weed Species Shifts and Glyphosate-Resistant Weed Populations},
  author = {Johnson, William G. and Davis, Vince M. and Kruger, Greg R. and Weller, Stephen C.},
  year = {2009},
  month = oct,
  journal = {European Journal of Agronomy},
  series = {Glyphosate {{Interactions}} with {{Physiology}}, {{Nutrition}}, and {{Diseases}} of {{Plants}}: {{Threat}} to {{Agricultural Sustainability}}?},
  volume = {31},
  number = {3},
  pages = {162--172},
  issn = {1161-0301},
  doi = {10/dxmb34},
  keywords = {Glyphosate,Glyphosate-resistant weeds,Herbicide-resistant weeds,Weed specie shifts}
}

@article{korresSeedbankPersistencePalmer2018,
  title = {Seedbank Persistence of {{Palmer}} Amaranth ({{Amaranthus}} Palmeri) and Waterhemp ({{{\emph{Amaranthus}}}}{\emph{ Tuberculatus}})across Diverse Geographical Regions in the {{United States}}},
  author = {Korres, Nicholas E. and Norsworthy, Jason K. and Young, Bryan G. and Reynolds, Daniel B. and Johnson, William G. and Conley, Shawn P. and Smeda, Reid J. and Mueller, Thomas C. and Spaunhorst, Douglas J. and Gage, Karla L. and Loux, Mark and Kruger, Greg R. and Bagavathiannan, Muthukumar V.},
  year = {2018},
  month = jul,
  journal = {Weed Science},
  volume = {66},
  number = {4},
  pages = {446--456},
  issn = {1550-2759},
  doi = {10/gd2hgf},
  langid = {english},
  keywords = {Burial depth,Montana State University,Prashant Jha,seed longevity,seed viability,seedbank dynamics,soil temperature,tetrazolium test,volumetric water content}
}

@article{kurstjensPreciseTillageSystems2007,
  title = {Precise Tillage Systems for Enhanced Non-Chemical Weed Management},
  author = {Kurstjens, Dirk A. G.},
  year = {2007},
  month = dec,
  journal = {Soil and Tillage Research},
  volume = {97},
  number = {2},
  pages = {293--305},
  issn = {0167-1987},
  doi = {10/fb7t2n},
  keywords = {Controlled traffic,Cultural control,Integrated weed management,Mechanical weeding,Strip-tillage},
  file = {/Users/huongnguyen/Zotero/storage/Y4I8IAWW/Kurstjens - 2007 - Precise tillage systems for enhanced non-chemical .pdf}
}

@article{leslieUseMatricesCertain1945,
  title = {On the Use of Matrices in Certain Population Mathematics},
  author = {Leslie, P. H.},
  year = {1945},
  journal = {Biometrika},
  volume = {33},
  number = {3},
  pages = {183--212},
  issn = {0006-3444},
  doi = {10/bskdps}
}

@incollection{liebmanManyLittleHammers1997,
  title = {Many Little Hammers: {{Ecological}} Management of Crop-Weed Interactions},
  shorttitle = {9 - {{Many Little Hammers}}},
  booktitle = {Ecology in {{Agriculture}}},
  author = {Liebman, Matt and Gallandt, Eric R.},
  editor = {Jackson, Louise E.},
  year = {1997},
  series = {Physiological {{Ecology}}},
  pages = {291--343},
  publisher = {{Academic Press}},
  doi = {10.1016/B978-012378260-1/50010-5},
  isbn = {978-0-12-378260-1}
}

@article{liuGeneralisedIndividualbasedAlgorithm2017,
  title = {A Generalised Individual-Based Algorithm for Modelling the Evolution of Quantitative Herbicide Resistance in Arable Weed Populations: {{A}} Generalised Modelling Framework for Quantitative Herbicide Resistance},
  shorttitle = {A Generalised Individual-Based Algorithm for Modelling the Evolution of Quantitative Herbicide Resistance in Arable Weed Populations},
  author = {Liu, Chun and Bridges, Melissa E and Kaundun, Shiv S and Glasgow, Les and Owen, Micheal DK and Neve, Paul},
  year = {2017},
  month = feb,
  journal = {Pest. Manag. Sci.},
  volume = {73},
  number = {2},
  pages = {462--474},
  issn = {1526498X},
  doi = {10.1002/ps.4317},
  langid = {english}
}

@article{liuPollenBiologyDispersal2012,
  title = {Pollen Biology and Dispersal Dynamics in Waterhemp ({{{\emph{Amaranthus}}}}{\emph{ Tuberculatus}})},
  author = {Liu, Jianyang and Davis, Adam S. and Tranel, Patrick J.},
  year = {2012},
  journal = {Weed Science},
  volume = {60},
  number = {3},
  pages = {416--422},
  issn = {0043-1745, 1550-2759},
  doi = {10/f35xbv},
  langid = {english},
  keywords = {Amaranthus tuberculatus (Moq.) Sauer var. rudis (Sauer) Costea and Tardif AMATU,Common waterhemp,Gene flow,herbicide resistance,pollen dispersal,pollen viability}
}

@article{maxwellPredictingEvolutionDynamics1990,
  title = {Predicting the Evolution and Dynamics of Herbicide Resistance in Weed Populations},
  author = {Maxwell, Bruce D. and Roush, Mary Lynn and Radosevich, Steven R.},
  year = {1990},
  journal = {Weed Technology},
  volume = {4},
  number = {1},
  pages = {2--13},
  issn = {0890-037X, 1550-2740},
  doi = {10/gddmfd},
  langid = {english},
  keywords = {pollen immigration,population genetics,Population model,resistance management,seed immigration},
  file = {/Users/huongnguyen/Zotero/storage/X9RH7TZG/Maxwell et al. - 1990 - Predicting the Evolution and Dynamics of Herbicide.pdf}
}

@article{menalledEffectsCompostedSwine2005,
  title = {Effects of Composted Swine Manure on Weed Seedbank},
  author = {Menalled, Fabi{\'a}n D. and Kohler, Keith A. and Buhler, Douglas D. and Liebman, Matt},
  year = {2005},
  month = dec,
  journal = {Agriculture, Ecosystems \& Environment},
  volume = {111},
  number = {1},
  pages = {63--69},
  issn = {0167-8809},
  doi = {10/c3x6zk}
}

@article{montgomeryMaleSpecificChromosomal2021,
  title = {Male-specific {{Y}}-chromosomal Regions in Waterhemp ({{{\emph{Amaranthus}}}}{\emph{ Tuberculatus}}) and {{Palmer}} Amaranth ({{{\emph{Amaranthus}}}}{\emph{ Palmeri}})},
  author = {Montgomery, Jacob S. and Giacomini, Darci A. and Weigel, Detlef and Tranel, Patrick J.},
  year = {2021},
  month = mar,
  journal = {New Phytol},
  volume = {229},
  number = {6},
  pages = {3522--3533},
  issn = {0028-646X, 1469-8137},
  doi = {10/gjpz5c}
}

@article{montgomerySexspecificMarkersWaterhemp2019,
  title = {Sex-Specific Markers for Waterhemp ({{{\emph{Amaranthus}}}}{\emph{ Tuberculatus}})  and {{Palmer}} Amaranth ({{{\emph{Amaranthus}}}}{\emph{ Palmeri}})},
  author = {Montgomery, Jacob S. and Sadeque, Ahmed and Giacomini, Darci A. and Brown, Patrick J. and Tranel, Patrick J.},
  year = {2019},
  journal = {Weed Science},
  volume = {67},
  number = {4},
  pages = {412--418},
  issn = {1550-2759},
  doi = {10/gf5pdq},
  langid = {english},
  keywords = {Dioecious,gender,North Carolina State University,Ramon G. Leon,restriction site–associated DNA sequencing,sex determination}
}

@article{nguyenImpactCroppingSystem2022,
  title = {Impact of Cropping System Diversification on Vegetative and Reproductive Characteristics of Waterhemp ({{{\emph{A. tuberculatus}}}})},
  author = {Nguyen, Huong T. X. and Liebman, Matt},
  year = {2022},
  journal = {Frontiers in Agronomy},
  volume = {4},
  issn = {2673-3218},
  doi = {10/gpsrmj}
}

@article{nguyenWeedCommunityComposition2022,
  title = {Weed Community Composition in Simple and More Diverse Cropping Systems},
  author = {Nguyen, Huong T. X. and Liebman, Matt},
  year = {2022},
  journal = {Front. Agron.},
  doi = {10/gpsrmk}
}

@article{nordbyInfluenceCornCommon2004,
  title = {Influence of Corn on Common Waterhemp ({{{\emph{Amaranthus rudis}}}}) Growth and Fecundity},
  author = {Nordby, Dawn E. and Hartzler, Robert G.},
  year = {2004},
  month = apr,
  journal = {Weed Science},
  volume = {52},
  number = {2},
  pages = {255--259},
  issn = {0043-1745, 1550-2759},
  doi = {10.1614/WS-03-060R}
}

@article{princeBenchmarkStudyIV2012,
  title = {Benchmark Study: {{IV}}. {{Survey}} of Grower Practices for Managing Glyphosate-Resistant Weed Populations},
  shorttitle = {Benchmark {{Study}}},
  author = {Prince, Joby M. and Shaw, David R. and Givens, Wade A. and Owen, Micheal D. K. and Weller, Stephen C. and Young, Bryan G. and Wilson, Robert G. and Jordan, David L.},
  year = {2012},
  month = sep,
  journal = {Weed Technology},
  volume = {26},
  number = {3},
  pages = {543--548},
  issn = {0890-037X, 1550-2740},
  doi = {10/f37vn9}
}

@article{rasmussenLegacyPesticidePollution2015,
  ids = {rasmussenLegacyPesticidePollution2015a},
  title = {The Legacy of Pesticide Pollution: {{An}} Overlooked Factor in Current Risk Assessments of Freshwater Systems},
  author = {Rasmussen, J. J. and {Wiberg-Larsen}, P. and {Baattrup-Pedersen}, A. and Cedergreen, N. and McKnight, U. S. and Kreuger, J. and Jacobsen, D. and Kristensen, E. A. and Friberg, N.},
  year = {2015},
  journal = {Water Res.},
  volume = {84},
  pages = {25},
  doi = {10/f3p366},
  keywords = {Environmental risk assessment,Legacy pesticides,Mixture toxicity,Pesticide monitoring,Streams}
}

@misc{rdevelopmentcoreteamLanguageEnvironmentStatistical2022,
  title = {R: {{A}} Language and Environment for Statistical Computing},
  author = {{R Development Core Team}},
  year = {2022},
  month = apr,
  address = {{Vienna, Austria}},
  howpublished = {R Foundation for Statistical Computing},
  isbn = {3-900051-07-0}
}

@article{ryanManagementFiltersSpecies2010,
  title = {Management Filters and Species Traits: {{Weed}} Community Assembly in Long-Term Organic and Conventional Systems},
  shorttitle = {Management Filters and Species Traits},
  author = {Ryan, Matthew R. and Smith, Richard G. and Mirsky, Steven B. and Mortensen, David A. and Seidel, Rita},
  year = {2010},
  journal = {Weed Science},
  volume = {58},
  number = {3},
  pages = {265--277},
  publisher = {{[Cambridge University Press, Weed Science Society of America]}},
  issn = {0043-1745},
  doi = {10/cxhk78},
  keywords = {community assembly,filters,legacy,organic,Seed bank,traits},
  file = {/Users/huongnguyen/Zotero/storage/755NMVMV/Ryan et al. - 2010 - Management Filters and Species Traits Weed Commun.pdf}
}

@article{schutteCommonWaterhempAmaranthus2014,
  title = {Do Common Waterhemp ({{{\emph{Amaranthus}}}}{\emph{ Tuberculatus}}) Seedling Emergence Patterns Meet Criteria for Herbicide Resistance Simulation Modeling?},
  author = {Schutte, Brian J. and Davis, Adam S.},
  year = {2014},
  month = jun,
  journal = {Weed Technology},
  volume = {28},
  number = {2},
  pages = {408--417},
  issn = {0890-037X, 1550-2740},
  doi = {10/f54k2x},
  langid = {english},
  keywords = {Amaranthus rudis Sauer AMATA,Common waterhemp,Emergence modeling,maternal effects,seed germination,seedbank persistence,variance partitioning}
}

@article{sosnoskieGlyphosateResistanceDoes2013,
  title = {Glyphosate Resistance Does Not Affect {{Palmer}} Amaranth ({{Amaranthus}} Palmeri) Seedbank Longevity},
  author = {Sosnoskie, Lynn M. and Webster, Theodore M. and Culpepper, A. Stanley},
  year = {2013},
  journal = {Weed Science},
  volume = {61},
  number = {2},
  pages = {283--288},
  issn = {0043-1745, 1550-2759},
  doi = {10/f4vgfs},
  langid = {english},
  keywords = {<span class='italic'>Amaranthus palmeri</span> (S.) Wats. AMAPA,Biological control,glyphosate resistance,herbicide resistance,Palmer amaranth,predation,seed burial,soil seedbank},
  file = {/Users/huongnguyen/Zotero/storage/3AJVZ5MJ/Sosnoskie et al. - 2013 - Glyphosate Resistance Does Not Affect Palmer Amara.pdf}
}

@article{spokasSeedChaserVerticalSoil2007,
  title = {{{SeedChaser}}: {{Vertical}} Soil Tillage Distribution Model},
  shorttitle = {{{SeedChaser}}},
  author = {Spokas, K. and Forcella, F. and Archer, D. and Reicosky, D.},
  year = {2007},
  journal = {Computers and Electronics in Agriculture},
  volume = {57},
  number = {1},
  pages = {62--73},
  issn = {0168-1699},
  doi = {10/dzh845},
  keywords = {Conservation tillage,Leslie matrix,Seed movement,Seedbank,Soil movement}
}

@article{steckelTillageCroppingSystem2007,
  title = {Tillage, Cropping System, and Soil Depth Effects on Common Waterhemp ({{Amaranthus}} Rudis) Seed-Bank Persistence},
  author = {Steckel, Lawrence E. and Sprague, Christy L. and Stoller, Edward W. and Wax, Loyd M. and Simmons, F. William},
  year = {2007},
  journal = {Weed Science},
  volume = {55},
  number = {3},
  pages = {235--239},
  publisher = {{Cambridge University Press}},
  doi = {10/bhs6vt},
  isbn = {0043-1745}
}

@misc{stubbenPopbioConstructionAnalyse2020,
  title = {Popbio:  {{Construction}} and Analyse and  of Matrix  Models},
  shorttitle = {Popbio},
  author = {Stubben, Chris and Milligan, Brook and Nantel, Patrick},
  year = {2020},
  month = feb,
  copyright = {GPL-3}
}

@article{tranelHerbicideResistanceAmaranthus2021,
  title = {Herbicide Resistance in {{{\emph{Amaranthus tuberculatus}}}}},
  shorttitle = {Herbicide Resistance In},
  author = {Tranel, Patrick J},
  year = {2021},
  month = jan,
  journal = {Pest Manag Sci},
  volume = {77},
  number = {1},
  pages = {43--54},
  issn = {1526-498X, 1526-4998},
  doi = {10/gjpz5w},
  langid = {english}
}

@book{tuljapurkarStructuredpopulationModelsMarine1997,
  title = {Structured-Population Models in Marine, Terrestrial, and Freshwater Systems},
  editor = {Tuljapurkar, Shripad and Caswell, Hal},
  year = {1997},
  series = {Population and {{Community Biology Series}}},
  publisher = {{Springer US}},
  isbn = {978-0-412-07271-0},
  langid = {english}
}

@phdthesis{ullrichWeedPopulationDynamics2000,
  title = {Weed Population Dynamics in Potato Cropping Systems as Affected by Rotation Crop, Cultivation, and Primary Tillage},
  author = {Ullrich, Silke},
  year = {2000},
  langid = {english},
  school = {The University of Maine}
}

@article{vanderlaatPostdispersalWeedSeed2015,
  title = {Postdispersal Weed Seed Predation and Invertebrate Activity Density in Three Tillage Regimes},
  author = {{van der Laat}, Rocio and Owen, Micheal D. K. and Liebman, Matt and Leon, Ramon G.},
  year = {2015},
  journal = {Weed Science},
  volume = {63},
  number = {4},
  pages = {828--838},
  issn = {0043-1745, 1550-2759},
  doi = {10/gddc93},
  keywords = {(L.) Merr.,(Moq.) Sauer.,/span\&gt,\&gt,\&lt,Abutilon theophrasti\&lt,Amaranthus tuberculatus\&lt,Biological control,Chenopodium album\&lt,Common lambsquarters,common waterhemp,corn,field crickets,giant foxtail,Glycine max\&lt,ground beetles,Herrm.,integrated weed management,italic\&\#39,L.,Medik.,seedbank,Setaria faberi\&lt,soybean,span class=\&\#39,velvetleaf,Zea mays\&lt},
  file = {/Users/huongnguyen/Zotero/storage/7ZB5AUZQ/Laat et al. - 2015 - Postdispersal Weed Seed Predation and Invertebrate.pdf}
}

@article{werleModelingShattercaneDynamics2017,
  title = {Modeling Shattercane Dynamics in Herbicide-Tolerant Grain Sorghum Cropping Systems},
  author = {Werle, Rodrigo and Tenhumberg, Brigitte and Lindquist, John L.},
  year = {2017},
  month = jan,
  journal = {Ecological Modelling},
  volume = {343},
  pages = {131--141},
  issn = {0304-3800},
  doi = {10/f9hj8x},
  keywords = {Crop-to-weed gene flow,Herbicide-resistance,Herbicide-tolerant grain sorghum,Weedy relative},
  file = {/Users/huongnguyen/Zotero/storage/3WHI9C8G/Werle et al. - 2017 - Modeling shattercane dynamics in herbicide-toleran.pdf}
}

@article{werlePredictingEmergence232014,
  title = {Predicting Emergence of 23 Summer Annual Weed Species},
  author = {Werle, Rodrigo and Sandell, Lowell D. and Buhler, Douglas D. and Hartzler, Robert G. and Lindquist, John L.},
  year = {2014},
  month = jun,
  journal = {Weed Science},
  volume = {62},
  number = {2},
  pages = {267--279},
  issn = {0043-1745, 1550-2759},
  doi = {10/f5z7zc},
  langid = {english},
  keywords = {AIC criterion,information-theoretic model comparison approach,thermal time,weather data,Weibull model},
  file = {/Users/huongnguyen/Zotero/storage/JPDGICJV/Werle et al. - 2014 - Predicting Emergence of 23 Summer Annual Weed Spec.pdf}
}

@article{yenishEffectsTillageVertical1992,
  title = {Effects of Tillage on Vertical Distribution and Viability of Weed Seed in Soil},
  author = {Yenish, Joseph P. and Doll, Jerry D. and Buhler, Douglas D.},
  year = {1992},
  journal = {Weed Science},
  volume = {40},
  number = {3},
  pages = {429--433},
  issn = {0043-1745}
}


