@book{caswellMatrixPopulationModels2001,
  title = {Matrix Population Models: Construction, Analysis, and Interpretation},
  author = {Caswell, Hal},
  year = {2001},
  edition = {Second},
  publisher = {{Sunderland, Mass. : Sinauer Associates}},
  address = {{Sunderland, Mass.}},
  isbn = {0-87893-096-5},
  langid = {english},
  keywords = {Matrices -- Data processing,Population biology -- Computer simulation}
}

@article{buhler1992integrated,
  title={Integrated weed management techniques to reduce herbicide inputs in soybean},
  author={Buhler, Douglas D and Gunsolus, Jeffrey L and Ralston, Donald F},
  journal={Agronomy Journal},
  volume={84},
  number={6},
  pages={973--978},
  year={1992},
  publisher={Wiley Online Library}
}

@article{buhler200250th,
  title={Challenges and opportunities for integrated weed management},
  author={Buhler, Douglas D},
  journal={Weed Science},
  volume={50},
  number={3},
  pages={273--280},
  year={2002},
  publisher={Cambridge University Press}
}

@article{miranowski1986economic,
  title={Economic issues in public and private approaches to preserving pest susceptibility},
  author={Miranowski, John A and Carlson, Gerald A and others},
  journal={Pesticide resistance: Strategies and tactics for management},
  pages={436--48},
  year={1986}
}

@article{shaner2014lessons,
  title={Lessons learned from the history of herbicide resistance},
  author={Shaner, Dale L},
  journal={Weed Science},
  volume={62},
  number={2},
  pages={427--431},
  year={2014},
  publisher={Cambridge University Press}
}

@article{heap1997occurrence,
  title={The occurrence of herbicide-resistant weeds worldwide},
  author={Heap, Ian M},
  journal={Pesticide science},
  volume={51},
  number={3},
  pages={235--243},
  year={1997},
  publisher={Wiley Online Library}
}

@article{lamichhane2017integrated,
  title={Integrated weed management systems with herbicide-tolerant crops in the European Union: lessons learnt from home and abroad},
  author={Lamichhane, Jay Ram and Devos, Yann and Beckie, Hugh J and Owen, Micheal DK and Tillie, Pascal and Mess{\'e}an, Antoine and Kudsk, Per},
  journal={Critical reviews in biotechnology},
  volume={37},
  number={4},
  pages={459--475},
  year={2017},
  publisher={Taylor \& Francis}
}

@article{buhler2000theoretical,
  title={Theoretical and practical challenges to an IPM approach to weed management},
  author={Buhler, Douglas D and Liebman, Matt and Obrycki, John J},
  journal={Weed Science},
  volume={48},
  number={3},
  pages={274--280},
  year={2000},
  publisher={Cambridge University Press}
}

@incollection{cardina1999development,
  title={Development of weed IPM: levels of integration for weed management},
  author={Cardina, J and Webster, TM and Herms, CP and Regnier, EE},
  booktitle={Expanding the Context of Weed Management},
  pages={239--267},
  year={1999},
  isbn = {9781003075202},
  publisher={CRC Press}
}

@incollection{norris1999ecological,
  title={Ecological implications of using thresholds for weed management},
  author={Norris, Robert F},
  booktitle={Expanding the context of weed management},
  pages={31--58},
  year={1999},
  isbn = {9781003075202},
  publisher={CRC Press}
}

@article{hiltbrunner2007response,
  title={Response of weed communities to legume living mulches in winter wheat},
  author={Hiltbrunner, Jeanneret and Jeanneret, P and Liedgens, M and Stamp, P and Streit, B},
  journal={Journal of Agronomy and Crop Science},
  volume={193},
  number={2},
  pages={93--102},
  year={2007},
  publisher={Wiley Online Library}
} 

@article{sweeney2008effect,
  title={Effect of fertilizer nitrogen on weed emergence and growth},
  author={Sweeney, Amy E and Renner, Karen A and Laboski, Carrie and Davis, Adam},
  journal={Weed Science},
  volume={56},
  number={5},
  pages={714--721},
  year={2008},
  publisher={Cambridge University Press}
}

@article{legere2008contrasting,
  title={Contrasting responses of weed communities and crops to 12 years of tillage and fertilization treatments},
  author={L{\'e}g{\`e}re, Anne and Stevenson, F Craig and Ziadi, Noura},
  journal={Weed Technology},
  volume={22},
  number={2},
  pages={309--317},
  year={2008},
  publisher={Cambridge University Press}
}
% ------------------------------------------------------------------------
% SAMPLE BIBLIOGRAPHY FILE
% ------------------------------------------------------------------------

@article{adeuxMitigatingCropYield2019,
  title = {Mitigating Crop Yield Losses through Weed Diversity},
  author = {Adeux, Guillaume and Vieren, Eric and Carlesi, Stefano and B{\`a}rberi, Paolo and {Munier-Jolain}, Nicolas and Cordeau, St{\'e}phane},
  year = {2019},
  month = nov,
  journal = {Nat Sustain},
  volume = {2},
  number = {11},
  pages = {1018--1026},
  publisher = {{Nature Publishing Group}},
  issn = {2398-9629},
  doi = {10/gmw5sz},
  copyright = {2019 The Author(s), under exclusive licence to Springer Nature Limited},
  langid = {english},
  annotation = {Bandiera\_abtest: a Cg\_type: Nature Research Journals Primary\_atype: Research Subject\_term: Agroecology;Agriculture;Plant ecology Subject\_term\_id: agri-ecology;agriculture;plant-ecology}
}

@article{alataloProblemsMeasurementEvenness1981,
  title = {Problems in the Measurement of Evenness in Ecology},
  author = {Alatalo, Rauno V.},
  year = {1981},
  journal = {Oikos},
  volume = {37},
  number = {2},
  pages = {199--204},
  publisher = {{[Nordic Society Oikos, Wiley]}},
  issn = {0030-1299},
  doi = {10/drcgjd}
}

@misc{allaireRmarkdownDynamicDocuments2021,
  ids = {allaireRmarkdownDynamicDocuments2020},
  title = {Rmarkdown: {{Dynamic}} Documents for {{R}}},
  shorttitle = {Rmarkdown},
  author = {Allaire, J. J. and Xie, Yihui and McPherson, Jonathan and Luraschi, Javier and Ushey, Kevin and Atkins, Aron and Wickham, Hadley and Cheng, Joe and Chang, Winston and Iannone, Richard and Dunning, Andrew and {filter)}, Atsushi Yasumoto (Number sections Lua and Schloerke, Barret and Sievert, Carson and Dervieux, Christophe and Ryan, Devon and Aust, Frederik and Allen, Jeff and Seo, JooYoung and Barrett, Malcolm and Hyndman, Rob and Lesur, Romain and Storey, Roy and Arslan, Ruben and Oller, Sergio and RStudio and PBC and library; authors listed in {inst/rmd/h/jqueryui-AUTHORS.txt)}, jQuery UI contributors (jQuery UI and {library)}, Mark Otto (Bootstrap and {library)}, Jacob Thornton (Bootstrap and {library)}, Bootstrap contributors (Bootstrap and Twitter and {library)}, Inc (Bootstrap and {library)}, Alexander Farkas (html5shiv and js {library)}, Scott Jehl (Respond and js {library)}, Ivan Sagalaev (highlight and {library)}, Greg Franko (tocify and {templates)}, John MacFarlane (Pandoc and Google and {library)}, Inc (ioslides and {library)}, Dave Raggett (slidy and {library)}, W3C (slidy and {Gandy (Font-Awesome)}, Dave and Sperry (Ionicons), Ben and Drifty (Ionicons) and StickyTabs), Aidan Lister (jQuery and {filter)}, Benct Philip Jonsson (pagebreak Lua and {filter)}, Albert Krewinkel (pagebreak Lua},
  year = {2021},
  month = sep,
  copyright = {GPL-3},
  keywords = {ReproducibleResearch}
}

@book{alstromFundamentalsWeedManagement1990,
  title = {Fundamentals of Weed Management in Hot Climate Peasant Agriculture: {{A}} Multi-Disciplinary Study of Principles, Potentials and Practices Primarily Based on {{Indian}} and International Weed Science Literature},
  shorttitle = {Fundamentals of Weed Management in Hot Climate Peasant Agriculture},
  author = {Alstr{\"o}m, Styrbj{\"o}rn},
  year = {1990},
  series = {Crop Production Science},
  number = {11},
  publisher = {{Swedish Univ. of Agricultural Sciences}},
  address = {{Uppsala}},
  isbn = {978-91-576-4403-9},
  langid = {english}
}

@incollection{altieriDesigningPeststableVegetationally2004,
  title = {Designing Pest-Stable Vegetationally Diverse Agroecosystems},
  booktitle = {Biodiversity and {{Pest Management}} in {{Agroecosystems}}},
  author = {Altieri, Miguel and Nicholls, Clara},
  year = {2004},
  edition = {Second},
  publisher = {{CRC Press}},
  isbn = {978-1-315-27403-4}
}

@article{altieriEcologicalRoleWeeds1977,
  title = {The Ecological Role of Weeds in Insect Pest Management Systems: {{A}} Review Illustrated by Bean ({{{\emph{Phaseolus vulgaris}}}}) Cropping Systems},
  shorttitle = {The Ecological Role of Weeds in Insect Pest Management Systems},
  author = {Altieri, M. A. and {van Schoonhoven}, A. and Doll, J.},
  year = {1977},
  month = jun,
  journal = {PANS},
  volume = {23},
  number = {2},
  pages = {195--205},
  publisher = {{Taylor \& Francis}},
  issn = {0309-7943},
  doi = {10/c9qvkj},
  annotation = {\_eprint: https://doi.org/10.1080/09670877709412428}
}

@incollection{altieriInsectManipulationWeed2004,
  title = {Insect Manipulation through Weed Management},
  booktitle = {Biodiversity and {{Pest Management}} in {{Agroecosystems}}},
  author = {Altieri, Miguel and Nicholls, Clara},
  year = {2004},
  edition = {Second},
  publisher = {{CRC Press}},
  isbn = {978-1-315-27403-4}
}

@article{altieriVegetationManagementBiological1982,
  title = {Vegetation Management and Biological Control in Agroecosystems},
  author = {Altieri, Miguel A. and Letourneau, Deborah K.},
  year = {1982},
  month = dec,
  journal = {Crop Protection},
  volume = {1},
  number = {4},
  pages = {405--430},
  issn = {0261-2194},
  doi = {10/fgdrgw},
  langid = {english}
}

@misc{auguieGridExtraMiscellaneousFunctions2017,
  ids = {auguieGridExtraMiscellaneousFunctions2017a},
  title = {{{gridExtra}}: {{Miscellaneous}} Functions for "Grid" Graphics},
  shorttitle = {Gridextra},
  author = {Auguie, Baptiste and Antonov, Anton},
  year = {2017},
  month = sep,
  copyright = {GPL-2 | GPL-3 [expanded from: GPL ({$\geq$} 2)]}
}

@article{avolioComprehensiveApproachAnalyzing2019,
  title = {A Comprehensive Approach to Analyzing Community Dynamics Using Rank Abundance Curves},
  author = {Avolio, Meghan L. and Carroll, Ian T. and Collins, Scott L. and Houseman, Gregory R. and Hallett, Lauren M. and Isbell, Forest and Koerner, Sally E. and Komatsu, Kimberly J. and Smith, Melinda D. and Wilcox, Kevin R.},
  year = {2019},
  month = oct,
  journal = {Ecosphere},
  volume = {10},
  number = {10},
  issn = {2150-8925, 2150-8925},
  doi = {10/ggbdth}
}

@article{ballWeedCommunityStructure2019,
  title = {Weed Community Structure and Soybean Yields in a Long-Term Organic Cropping Systems Experiment},
  author = {Ball, Margaret G. and Caldwell, Brian A. and DiTommaso, Antonio and Drinkwater, Laurie E. and Mohler, Charles L. and Smith, Richard G. and Ryan, Matthew R.},
  year = {2019},
  month = nov,
  journal = {Weed Sci},
  volume = {67},
  number = {6},
  pages = {673--681},
  issn = {1550-2759},
  doi = {10/gmv3r4},
  langid = {english}
}

@article{bastiaansDesignWeedManagement2000,
  title = {Design of Weed Management Systems with a Reduced Reliance on Herbicides Poses New Challenges and Prerequisites for Modeling Crop\textendash Weed Interactions},
  author = {Bastiaans, L. and Kropff, M. J. and Goudriaan, J. and {van Laar}, H. H.},
  year = {2000},
  month = jul,
  journal = {Field Crops Research},
  volume = {67},
  number = {2},
  pages = {161--179},
  issn = {0378-4290},
  doi = {10/czmcrx},
  file = {/Users/huongnguyen/Zotero/storage/XZV8ARPT/Bastiaans et al. - 2000 - Design of weed management systems with a reduced r.pdf}
}

@misc{batesLme4LinearMixedeffects2021,
  ids = {batesLme4LinearMixedEffects2020},
  title = {Lme4: Linear Mixed-Effects Models Using 'eigen' and {{S4}}},
  shorttitle = {Lme4},
  author = {Bates, Douglas and Maechler, Martin and Bolker, Ben and Walker, Steven and Christensen, Rune Haubo Bojesen and Singmann, Henrik and Dai, Bin and Scheipl, Fabian and Grothendieck, Gabor and Green, Peter and Fox, John and Bauer, Alexander and Krivitsky, Pavel N.},
  year = {2021},
  month = jun,
  copyright = {GPL-2 | GPL-3 [expanded from: GPL ({$\geq$} 2)]}
}

@article{beillouinPositiveVariableEffects2021,
  title = {Positive but Variable Effects of Crop Diversification on Biodiversity and Ecosystem Services},
  author = {Beillouin, Damien and Ben-Ari, Tamara and Mal{\'e}zieux, Eric and Seufert, Verena and Makowski, David},
  year = {2021},
  month = oct,
  journal = {Glob Change Biol},
  volume = {27},
  number = {19},
  pages = {4697--4710},
  issn = {1354-1013, 1365-2486},
  doi = {10/gkkbqm},
  langid = {english}
}

@article{benbrookImpactsGeneticallyEngineered2012,
  title = {Impacts of Genetically Engineered Crops on Pesticide Use in the {{U}}.{{S}}. -- the First Sixteen Years},
  author = {Benbrook, Charles M.},
  year = {2012},
  month = sep,
  journal = {Environmental Sciences Europe},
  volume = {24},
  pages = {24},
  issn = {2190-4715},
  doi = {10/gddc7t},
  keywords = {2;4-D,Biotechnology and pesticide use,Bt crops,Genetically engineered corn,Glyphosate,Glyphosate resistant weeds,Herbicide-resistant crops,Herbicide-tolerant soybeans,Roundup Ready crops},
  file = {/Users/huongnguyen/Zotero/storage/IY8FKI7D/Benbrook - 2012 - Impacts of genetically engineered crops on pestici.pdf}
}

@article{blaixQuantificationRegulatingEcosystem2018,
  title = {Quantification of Regulating Ecosystem Services Provided by Weeds in Annual Cropping Systems Using a Systematic Map Approach},
  author = {Blaix, C and Moonen, A C and Dostatny, D F and Izquierdo, J and Le Corff, J and Morrison, J and Von Redwitz, C and Schumacher, M and Westerman, P R},
  year = {2018},
  journal = {Weed Research},
  volume = {58},
  number = {3},
  pages = {151--164},
  issn = {1365-3180},
  doi = {10/gdkkpv},
  langid = {english},
  annotation = {\_eprint: https://onlinelibrary.wiley.com/doi/pdf/10.1111/wre.12303}
}

@article{blubaughDoesEnemiesHypothesis2021,
  title = {Does the ``{{Enemies Hypothesis}}'' Operate by Enhancing Natural Enemy Evenness?},
  author = {Blubaugh, Carmen K. and Asplund, Jacob S. and Smith, Olivia M. and Snyder, William E.},
  year = {2021},
  month = jan,
  journal = {Biological Control},
  volume = {152},
  pages = {104464},
  issn = {10499644},
  doi = {10/gmzqfg},
  langid = {english}
}

@inbook{borcardUnconstrainedOrdination2018,
  title = {Unconstrained Ordination},
  booktitle = {Numerical {{Ecology}} with {{R}}},
  author = {Borcard, Daniel and Gillet, Fran{\c c}ois and Legendre, Pierre},
  year = {2018},
  pages = {151--201},
  publisher = {{Springer International Publishing}},
  address = {{Cham}},
  doi = {10.1007/978-3-319-71404-2_5},
  collaborator = {Borcard, Daniel and Gillet, Fran{\c c}ois and Legendre, Pierre},
  isbn = {978-3-319-71403-5 978-3-319-71404-2},
  langid = {english}
}

@article{bowlesLongtermEvidenceShows2020,
  title = {Long-Term Evidence Shows That Crop-Rotation Diversification Increases Agricultural Resilience to Adverse Growing Conditions in {{North America}}},
  author = {Bowles, Timothy M. and Mooshammer, Maria and Socolar, Yvonne and Calder{\'o}n, Francisco and Cavigelli, Michel A. and Culman, Steve W. and Deen, William and Drury, Craig F. and {Garcia y Garcia}, Axel and Gaudin, Am{\'e}lie C.M. and Harkcom, W. Scott and Lehman, R. Michael and Osborne, Shannon L. and Robertson, G. Philip and Salerno, Jonathan and Schmer, Marty R. and Strock, Jeffrey and Grandy, A. Stuart},
  year = {2020},
  month = mar,
  journal = {One Earth},
  volume = {2},
  number = {3},
  pages = {284--293},
  issn = {25903322},
  doi = {10/gjj4j5},
  langid = {english}
}

@article{brookesKeyEnvironmentalImpacts2013,
  title = {Key Environmental Impacts of Global Genetically Modified ({{GM}}) Crop Use 1996\textendash 2011},
  author = {Brookes, Graham and Barfoot, Peter},
  year = {2013},
  month = apr,
  journal = {GM Crops \& Food},
  volume = {4},
  number = {2},
  pages = {109--119},
  issn = {2164-5698},
  doi = {10/gddc8b},
  pmid = {23635915},
  keywords = {biotechnology,carbon sequestration,GMO,no tillage,pesticide},
  file = {/Users/huongnguyen/Zotero/storage/V8D9N7IB/Brookes and Barfoot - 2013 - Key environmental impacts of global genetically mo.pdf}
}

@article{buhlerEmergencePersistenceSeed2001,
  title = {Emergence and Persistence of Seed of Velvetleaf, Common Waterhemp, Woolly Cupgrass, and Giant Foxtail},
  author = {Buhler, Douglas D. and Hartzler, Robert G.},
  year = {2001},
  month = apr,
  journal = {Weed Science},
  volume = {49},
  number = {2},
  pages = {230--235},
  issn = {0043-1745, 1550-2759},
  doi = {10/dmnt6f}
}

@article{cardinaNatureConsequenceWeed1997,
  title = {The Nature and Consequence of Weed Spatial Distribution},
  author = {Cardina, John and Johnson, Gregg A. and Sparrow, Denise H.},
  year = {1997},
  journal = {Weed Science},
  volume = {45},
  number = {3},
  pages = {364--373},
  issn = {0043-1745},
  doi = {10/ghkhdv},
  keywords = {Geostatistics,Patchiness,Spatial pattern,Variography}
}

@article{caversSeedBanksMemory1995,
  title = {Seed Banks: {{Memory}} in Soil},
  shorttitle = {Seed Banks},
  author = {Cavers, Paul B.},
  year = {1995},
  month = feb,
  journal = {Can. J. Soil. Sci.},
  volume = {75},
  number = {1},
  pages = {11--13},
  issn = {0008-4271, 1918-1841},
  doi = {10/fpp64d},
  langid = {english}
}

@misc{centerforspatialinformationscienceandsystemsCropScapeCroplandData2021,
  type = {{Crop Frequency Layers}},
  title = {{CropScape - Cropland Data Layer}},
  author = {{Center for Spatial Information Science {and} Systems}},
  year = {2021},
  publisher = {{USDA NASS}},
  address = {{Washington, D.C}},
  langid = {English (US)}
}

@article{chenInfluenceResidueNitrogen2014,
  title = {Influence of Residue and Nitrogen Fertilizer Additions on Carbon Mineralization in Soils with Different Texture and Cropping Histories},
  author = {Chen, Xianni and Wang, Xudong and Liebman, Matt and Cavigelli, Michel and Wander, Michelle},
  year = {2014},
  month = jul,
  journal = {PLoS One},
  volume = {9},
  number = {7},
  pages = {e103720},
  issn = {1932-6203},
  doi = {10/f6ntt7},
  pmcid = {PMC4117633},
  pmid = {25078458},
  keywords = {Agricultural methods,Agricultural soil science,Carbon dioxide,Carbon sequestration,Clay mineralogy,Crops,Fertilizers,Particulates},
  file = {/Users/huongnguyen/Zotero/storage/QXG2AXNH/Chen et al. - 2014 - Influence of Residue and Nitrogen Fertilizer Addit.pdf}
}

@article{clarkeNonparametricMultivariateAnalyses1993,
  title = {Non-Parametric Multivariate Analyses of Changes in Community Structure},
  author = {Clarke, K. R.},
  year = {1993},
  month = mar,
  journal = {Austral Ecol},
  volume = {18},
  number = {1},
  pages = {117--143},
  issn = {1442-9985, 1442-9993},
  doi = {10/d7x85z},
  langid = {english}
}

@article{cordeauHowWeedsDiffer2017,
  title = {How Do Weeds Differ in Their Response to the Timing of Tillage? {{A}} Study of 61 Species across the {{Northeastern United States}}: {{Weed}} Response to Timing of Tillage},
  shorttitle = {How Do Weeds Differ in Their Response to the Timing of Tillage?},
  author = {Cordeau, St{\'e}phane and Smith, Richard G. and Gallandt, Eric R. and Brown, Bryan and Salon, Paul and DiTommaso, Antonio and Ryan, Matthew R.},
  year = {2017},
  month = nov,
  journal = {Ann Appl Biol},
  volume = {171},
  number = {3},
  pages = {340--352},
  issn = {00034746},
  doi = {10/gcgzch},
  langid = {english}
}

@book{crawleyBook2013,
  title = {The {{R}} Book},
  author = {Crawley, Michael J.},
  year = {2013},
  edition = {Second edition},
  publisher = {{Wiley}},
  address = {{Chichester, West Sussex, UK}},
  isbn = {978-1-118-44896-0 978-1-118-44894-6 978-1-118-44892-2},
  lccn = {QA276.45.R3},
  keywords = {Data processing,Mathematical statistics,MATHEMATICS / Probability \& Statistics / General,R (Computer program language)}
}

@article{culpepperGlyphosateinducedWeedShifts2006,
  title = {Glyphosate-Induced Weed Shifts},
  author = {Culpepper, A. Stanley},
  year = {2006},
  month = jun,
  journal = {Weed Technology},
  volume = {20},
  number = {2},
  pages = {277--281},
  issn = {0890-037X, 1550-2740},
  doi = {10/c9rw9b},
  langid = {english}
}

@article{davisCroppingSystemEffects2003,
  title = {Cropping System Effects on Giant Foxtail ({{{\emph{Setaria faberi}}}}) Demography: {{I}}. {{Green}} Manure and Tillage Timing},
  shorttitle = {Cropping System Effects on Giant Foxtail ({{Setaria}} Faberi) Demography},
  author = {Davis, Adam S. and Liebman, Matt},
  year = {2003},
  month = dec,
  journal = {Weed Science},
  volume = {51},
  number = {6},
  pages = {919--929},
  issn = {0043-1745, 1550-2759},
  doi = {10/bxq7q8},
  keywords = {allelopathy,arthropod activity-density,corn,dormancy,fecundity,Giant foxtail,Glycine max (L.) Merr. ‘IA 2039’,integrated weed management,postdispersal seed predation,red clover,seedbank dynamics,seedling recruitment,Setaria faberi Herrm. SETFA,Soil organic amendments,soybean,spring wheat,Trifolium pratense L. ‘Cherokee’,Triticum aestivum L. ‘Sharp’,Zea mays L. ‘Pioneer 3512’}
}

@article{davisCroppingSystemEffects2003a,
  title = {Cropping System Effects on Giant Foxtail ({{{\emph{Setaria faberi}}}}) Demography: {{II}}. {{Retrospective}} Perturbation Analysis},
  shorttitle = {Cropping System Effects on Giant Foxtail ({{Setaria}} Faberi) Demography},
  author = {Davis, Adam S. and Dixon, Philip M. and Liebman, Matt},
  year = {2003},
  month = dec,
  journal = {Weed Science},
  volume = {51},
  number = {6},
  pages = {930--939},
  issn = {0043-1745, 1550-2759},
  doi = {10/btzt2v},
  langid = {english},
  keywords = {corn,crop rotation,Giant foxtail,Glycine max L. ‘IA 2039’,integrated weed management,legume green manure,Life-table response experiment,red clover,seed predation,Setaria faberi Herrm. SETFA,simulation model,soybean,spring wheat,Trifolium pratense L. ‘Cherokee’,Triticum aestivum L. ‘Sharp’,Zea mays L. ‘Pioneer 3512’}
}

@article{davisEnvironmentalFactorsAffecting2005,
  ids = {davisEnvironmentalFactorsAffecting2005a},
  title = {Environmental Factors Affecting Seed Persistence of Annual Weeds across the {{U}}.{{S}}. {{Corn Belt}}},
  author = {Davis, Adam S. and Cardina, John and Forcella, Frank and Johnson, Gregg A. and Kegode, George and Lindquist, John L. and Luschei, Edward C. and Renner, Karen A. and Sprague, Christy L. and Williams, Martin M.},
  year = {2005},
  month = dec,
  journal = {Weed Science},
  volume = {53},
  number = {6},
  pages = {860--868},
  publisher = {{[Cambridge University Press, Weed Science Society of America]}},
  issn = {0043-1745, 1550-2759},
  doi = {10/dmvcdf},
  langid = {english}
}

@article{davisIncreasingCroppingSystem2012,
  title = {Increasing Cropping System Diversity Balances Productivity, Profitability and Environmental Health},
  author = {Davis, Adam S. and Hill, Jason D. and Chase, Craig A. and Johanns, Ann M. and Liebman, Matt},
  year = {2012},
  month = oct,
  journal = {PLOS ONE},
  volume = {7},
  number = {10},
  pages = {e47149},
  issn = {1932-6203},
  doi = {10/f39nr2},
  keywords = {Biodiversity,Cereal crops,Crops,Fertilizers,Herbicides,Maize,Soybean,Weeds},
  file = {/Users/huongnguyen/Zotero/storage/CCVT2VSC/Davis et al. - 2012 - Increasing Cropping System Diversity Balances Prod.pdf}
}

@article{davisWeedSeedbankCommunity2005,
  title = {Weed Seedbank and Community Shifts in a Long-Term Cropping Systems Experiment},
  author = {Davis, Adam S. and Renner, Karen A. and Gross, Katherine L.},
  year = {2005},
  month = jun,
  journal = {Weed Science},
  volume = {53},
  number = {3},
  pages = {296--306},
  issn = {0043-1745, 1550-2759},
  doi = {10/fkd3dj},
  langid = {english},
  keywords = {(L.) Merr. ‘Pioneer 9172’,(L.) Vill. STEME,/span\&gt,\&gt,\&lt,Amaranthus retroflexus\&lt,AMARE,Chenopodium album\&lt,Common chickweed,common lambsquarters,corn,Cropping systems,density,Digitaria sanguinalis\&lt,diversity,fall panicum,Glycine max\&lt,interference,italic\&\#39,L.,L. ‘Michigan Mammoth Red’,L. ‘Pioneer 2552’,L. ‘Pioneer 3573’,L. CHEAL,L. DIGSA,large crabgrass,Michx. PANDI,multivariate analysis,Panicum dichotomiflorum\&lt,red clover,redroot pigweed,richness,seedbank,soybean,span class=\&\#39,Stellaria media\&lt,Trifolium pratense\&lt,Triticum aestivum\&lt,weed community,wheat,Zea mays\&lt},
  file = {/Users/huongnguyen/Zotero/storage/VQW6UDSS/Davis et al. - 2005 - Weed seedbank and community shifts in a long-term .pdf}
}

@article{dayanDiscoveryNewHerbicide2020,
  title = {Discovery for New Herbicide Sites of Action by Quantification of Plant Primary Metabolite and Enzyme Pools},
  author = {Dayan, Franck E. and Duke, Stephen O.},
  year = {2020},
  month = may,
  journal = {Engineering},
  volume = {6},
  number = {5},
  pages = {509--514},
  issn = {20958099},
  doi = {10/gmznzd}
}

@article{derrouchWeedCommunityDiversity2021,
  title = {Weed Community Diversity in Conservation Agriculture: {{Post-adoption}} Changes},
  shorttitle = {Weed Community Diversity in Conservation Agriculture},
  author = {Derrouch, Damien and Dessaint, Fabrice and Fried, Guillaume and Chauvel, Bruno},
  year = {2021},
  month = jun,
  journal = {Agriculture, Ecosystems \& Environment},
  volume = {312},
  pages = {107351},
  issn = {01678809},
  doi = {10/gh55tt}
}

@incollection{diamondUseAbioticSetting2017,
  title = {Use of Abiotic Setting Surrogates for Reserve Selection and Design},
  booktitle = {Reference {{Module}} in {{Earth Systems}} and {{Environmental Sciences}}},
  author = {Diamond, D. D. and Elliott, L. F.},
  year = {2017},
  month = jan,
  publisher = {{Elsevier}},
  doi = {10.1016/B978-0-12-409548-9.09528-2},
  isbn = {978-0-12-409548-9},
  langid = {english},
  keywords = {Abiotic,Biodiversity,Biology,Climate change,Conservation,Ecology,Geophysical,Nature,Reserve}
}

@incollection{dukeEvolutionWeedResistance2017,
  title = {Evolution of Weed Resistance to Herbicides: {{What}} Have We Learned after 70 Years?},
  shorttitle = {Evolution of Weed Resistance to Herbicides},
  booktitle = {Biology, {{Physiology}} and {{Molecular Biology}} of {{Weeds}}},
  author = {Duke, Stephen O. and Heap, Ian},
  year = {2017},
  publisher = {{CRC Press}},
  isbn = {978-1-315-12103-1}
}

@article{dukeGlyphosateOnceinacenturyHerbicide2008,
  title = {Glyphosate: A Once-in-a-Century Herbicide},
  shorttitle = {Glyphosate},
  author = {Duke, Stephen O and Powles, Stephen B},
  year = {2008},
  month = apr,
  journal = {Pest. Manag. Sci.},
  volume = {64},
  number = {4},
  pages = {319--325},
  issn = {1526498X},
  doi = {10/dmsmf8},
  langid = {english}
}

@article{dukeGlyphosateresistantCropsWeeds2009,
  title = {Glyphosate-Resistant Crops and Weeds: {{Now}} and in the Future},
  shorttitle = {Glyphosate-Resistant Crops and Weeds},
  author = {Duke, Stephen O. and Powles, Stephen B.},
  year = {2009},
  issn = {1522-936X},
  langid = {english},
  keywords = {⛔ No DOI found}
}

@article{dukeWhyHaveNo2012,
  title = {Why Have No New Herbicide Modes of Action Appeared in Recent Years?},
  author = {Duke, Stephen O.},
  year = {2012},
  month = apr,
  journal = {Pest Management Science},
  volume = {68},
  number = {4},
  pages = {505--512},
  issn = {1526-4998},
  doi = {10/fzm38s},
  copyright = {Copyright \textcopyright{} 2011 Society of Chemical Industry},
  keywords = {glyphosate,herbicide,mode of action,resistance},
  file = {/Users/huongnguyen/Zotero/storage/769XMV6V/Duke - 2012 - Why have no new herbicide modes of action appeared.pdf}
}

@book{ervinImpactGeneticallyEngineered2010,
  title = {The Impact of Genetically Engineered Crops on Farm Sustainability in the {{United States}}},
  author = {Ervin, D.E. and Carriere, Y. and Cox, W. J. and {Fernandez-Cornejo}, J. and Jussaume, R. A. and Marra, M. C. and Owen, M. D. K. and Raven, P. H. and Wolfenbarger, L. L. and Zilberman, D.},
  year = {2010},
  publisher = {{National Academies Press}},
  address = {{Washington, D.C.}}
}

@article{ferreroWeedDiversityAffects2017,
  title = {Weed Diversity Affects Soybean and Maize Yield in a Long Term Experiment in {{Michigan}}, {{USA}}},
  author = {Ferrero, Rosana and Lima, Mauricio and Davis, Adam S. and {Gonzalez-Andujar}, Jose L.},
  year = {2017},
  journal = {Frontiers in Plant Science},
  volume = {8},
  pages = {236},
  issn = {1664-462X},
  doi = {10/gmq87w}
}

@article{forcellaDebitingSeedbankPriorities2003,
  title = {Debiting the Seedbank: {{Priorities}} and Predictions},
  author = {Forcella, Frank},
  year = {2003},
  journal = {Aspects of Applied Biology},
  volume = {69},
  pages = {151--162},
  keywords = {⛔ No DOI found}
}

@article{forcellaWeedSeedbanksCorn1992,
  title = {Weed Seedbanks of the {{U}}.{{S}}. {{Corn Belt}}: {{Magnitude}}, Variation, Emergence, and Application},
  shorttitle = {Weed Seedbanks of the u.s. Corn Belt},
  author = {Forcella, Frank and Wilson, Robert G. and Renner, Karen A. and Dekker, Jack and Harvey, Robert G. and Alm, David A. and Buhler, Douglas D. and Cardina, John},
  year = {1992},
  journal = {Weed Science},
  volume = {40},
  number = {4},
  pages = {636--644},
  issn = {0043-1745},
  doi = {recordID=US201301940015}
}

@article{friedTrajectoriesWeedCommunities2012,
  title = {Trajectories of Weed Communities Explained by Traits Associated with Species' Response to Management Practices},
  author = {Fried, Guillaume and Kazakou, Elena and Gaba, Sabrina},
  year = {2012},
  month = sep,
  journal = {Agriculture, Ecosystems \& Environment},
  volume = {158},
  pages = {147--155},
  issn = {0167-8809},
  doi = {10/f36znx},
  keywords = {Arable weeds,Biodiversity,Functional groups,Herbicides,RLQ-analysis,Tillage systems},
  file = {/Users/huongnguyen/Zotero/storage/2B7U8RGQ/Fried et al. - 2012 - Trajectories of weed communities explained by trai.pdf}
}

@article{frisvoldOverviewHerbicideResistant2009,
  title = {{Overview: Herbicide resistant crops-diffusion, benefits, pricing, and resistance management}},
  shorttitle = {{Overview}},
  author = {Frisvold, George B. and Hurley, Terrance M. and Mitchell, Paul D.},
  year = {2009},
  journal = {AgBioForum},
  volume = {12},
  number = {3-4},
  pages = {244--248},
  issn = {1522-936X},
  langid = {English (US)},
  keywords = {⛔ No DOI found}
}

@article{gabaAgroecologicalWeedControl2014,
  title = {Agroecological Weed Control Using a Functional Approach: {{A}} Review of Cropping Systems Diversity},
  shorttitle = {Agroecological Weed Control Using a Functional Approach},
  author = {Gaba, Sabrina and Fried, Guillaume and Kazakou, Elena and Chauvel, Bruno and Navas, Marie-Laure},
  year = {2014},
  month = jan,
  journal = {Agron. Sustain. Dev.},
  volume = {34},
  number = {1},
  pages = {103--119},
  issn = {1773-0155},
  doi = {10/gkmznh},
  langid = {english}
}

@article{gianessiValueHerbicidesCrop2007,
  title = {The Value of Herbicides in {{U}}.{{S}}. Crop Production},
  author = {Gianessi, Leonard P. and Reigner, Nathan P.},
  year = {2007},
  month = apr,
  journal = {Weed Technology},
  volume = {21},
  number = {2},
  pages = {559--566},
  issn = {0890-037X, 1550-2740},
  doi = {10/cg4s9h},
  file = {/Users/huongnguyen/Zotero/storage/669LGHQN/Gianessi and Reigner - 2007 - The Value of Herbicides in U.S. Crop Production.pdf}
}

@misc{goodeGgResidpanelPanelsInteractive2019,
  title = {{{ggResidpanel}}: {{Panels}} and Interactive Versions of Diagnostic Plots Using 'Ggplot2'},
  shorttitle = {Ggresidpanel},
  author = {Goode, Katherine and Rey, Kathleen},
  year = {2019},
  month = may,
  copyright = {MIT + file LICENSE}
}

@article{greenHerbicideresistantCropsUtilities2011,
  title = {Herbicide-Resistant Crops: {{Utilities}} and Limitations for Herbicide-Resistant Weed Management},
  shorttitle = {Herbicide-Resistant Crops},
  author = {Green, Jerry M. and Owen, Micheal D. K.},
  year = {2011},
  month = jun,
  journal = {J. Agric. Food Chem.},
  volume = {59},
  number = {11},
  pages = {5819--5829},
  issn = {0021-8561},
  doi = {10/d9mdzr},
  file = {/Users/huongnguyen/Zotero/storage/L8P46G46/Green and Owen - 2011 - Herbicide-Resistant Crops Utilities and Limitatio.pdf}
}

@article{guldenEffectRotationIncrop2011,
  ids = {guldenEffectRotationInCrop2011},
  title = {The Effect of Rotation and In-Crop Weed Management on the Germinable Weed Seedbank after 10 Years},
  author = {Gulden, Robert H. and Lewis, Derek W. and Froese, Jane C. and Van Acker, Rene C. and Martens, Gary B. and Entz, Martin H. and Derksen, Doug A. and Bell, Lindsay W.},
  year = {2011},
  journal = {Weed Science},
  volume = {59},
  number = {4},
  pages = {553--561},
  publisher = {{[Cambridge University Press, Weed Science Society of America]}},
  issn = {00431745, 15502759},
  doi = {10/ffs3x5}
}

@article{gurrMulticountryEvidenceThat2016,
  ids = {gurrMulticountryEvidenceThat2016a,gurrMulticountryEvidenceThat2016b},
  title = {Multi-Country Evidence That Crop Diversification Promotes Ecological Intensification of Agriculture},
  author = {Gurr, Geoff M. and Lu, Zhongxian and Zheng, Xusong and Xu, Hongxing and Zhu, Pingyang and Chen, Guihua and Yao, Xiaoming and Cheng, Jiaan and Zhu, Zengrong and Catindig, Josie Lynn and Villareal, Sylvia and Van Chien, Ho and Cuong, Le Quoc and Channoo, Chairat and Chengwattana, Nalinee and Lan, La Pham and Hai, Le Huu and Chaiwong, Jintana and Nicol, Helen I. and Perovic, David J. and Wratten, Steve D. and Heong, Kong Luen},
  year = {2016},
  month = mar,
  journal = {Nature Plants},
  volume = {2},
  number = {3},
  pages = {16014},
  issn = {2055-0278},
  doi = {10/gfj4mm},
  langid = {english},
  file = {/Users/huongnguyen/Zotero/storage/7GMWI6BB/Gurr et al. - 2016 - Multi-country evidence that crop diversification p.pdf;/Users/huongnguyen/Zotero/storage/PJJ7QBL8/nplants201614.html}
}

@article{hagerCommonWaterhempAmaranthus2002a,
  title = {Common Waterhemp ({{{\emph{Amaranthus rudis}}}}) Interference in Soybean},
  author = {Hager, Aaron G. and Wax, Loyd M. and Stoller, Edward W. and Bollero, Germ{\'a}n A.},
  year = {2002},
  month = sep,
  journal = {Weed Science},
  volume = {50},
  number = {5},
  pages = {607--610},
  issn = {0043-1745, 1550-2759},
  doi = {10/fp5qsm}
}

@misc{harrisonDirichletmultinomialModellingOutperforms2019,
  title = {Dirichlet-Multinomial Modelling Outperforms Alternatives for Analysis of Microbiome and Other Ecological Count Data},
  author = {Harrison, Joshua G. and Calder, W. John and Shastry, Vivaswat and Buerkle, C. Alex},
  year = {2019},
  month = dec,
  pages = {711317},
  institution = {{Cold Spring Harbor Laboratory}},
  doi = {10.1101/711317},
  chapter = {New Results},
  copyright = {\textcopyright{} 2019, Posted by Cold Spring Harbor Laboratory. This pre-print is available under a Creative Commons License (Attribution-NonCommercial-NoDerivs 4.0 International), CC BY-NC-ND 4.0, as described at http://creativecommons.org/licenses/by-nc-nd/4.0/},
  langid = {english}
}

@article{hartmanResearchAdvancesManagement2015,
  title = {Research Advances and Management of Soybean Sudden Death Syndrome},
  author = {Hartman, Glen L. and Chang, Hao-Xun and Leandro, Leonor F. S.},
  year = {2015},
  month = jul,
  journal = {Crop Protection},
  series = {Ecology and Management of {{Fusarium}} Diseases},
  volume = {73},
  pages = {60--66},
  issn = {0261-2194},
  doi = {10/gmw5d7},
  langid = {english}
}

@article{huntCroppingSystemDiversity2019,
  title = {Cropping System Diversity Effects on Nutrient Discharge, Soil Erosion, and Agronomic Performance},
  author = {Hunt, Natalie D. and Hill, Jason D. and Liebman, Matt},
  year = {2019},
  month = feb,
  journal = {Environ. Sci. Technol.},
  volume = {53},
  number = {3},
  pages = {1344--1352},
  issn = {0013-936X},
  doi = {10/gfw9q2}
}

@article{huntFossilEnergyUse2020,
  title = {Fossil Energy Use, Climate Change Impacts, and Air Quality-Related Human Health Damages of Conventional and Diversified Cropping Systems in {{Iowa}}, {{USA}}},
  author = {Hunt, Natalie D. and Liebman, Matt and Thakrar, Sumil K. and Hill, Jason D.},
  year = {2020},
  month = sep,
  journal = {Environ. Sci. Technol.},
  volume = {54},
  number = {18},
  pages = {11002--11014},
  publisher = {{American Chemical Society}},
  issn = {0013-936X},
  doi = {10/gkc28b}
}

@article{huntReducingFreshwaterToxicity2017,
  title = {Reducing Freshwater Toxicity While Maintaining Weed Control, Profits, and Productivity: {{Effects}} of Increased Crop Rotation Diversity and Reduced Herbicide Usage},
  shorttitle = {Reducing Freshwater Toxicity While Maintaining Weed Control, Profits, and Productivity},
  author = {Hunt, Natalie D. and Hill, Jason D. and Liebman, Matt},
  year = {2017},
  month = feb,
  journal = {Environ. Sci. Technol.},
  volume = {51},
  number = {3},
  pages = {1707--1717},
  issn = {0013-936X},
  doi = {10/f9nrv2},
  file = {/Users/huongnguyen/Zotero/storage/5NZW3DE9/Hunt et al. - 2017 - Reducing Freshwater Toxicity while Maintaining Wee.pdf}
}

@article{karlComparisonCoverCalculation2017,
  title = {A Comparison of Cover Calculation Techniques for Relating Point-Intercept Vegetation Sampling to Remote Sensing Imagery},
  author = {Karl, Jason W. and McCord, Sarah E. and Hadley, Brian C.},
  year = {2017},
  month = feb,
  journal = {Ecological Indicators},
  volume = {73},
  pages = {156--165},
  issn = {1470-160X},
  doi = {10/f927gb},
  langid = {english},
  keywords = {Beta regression,Method comparison,Monitoring,Point-intercept sampling,Remote sensing,Vegetation cover}
}

@misc{kindtBiodiversityRPackageCommunity2021,
  title = {{{BiodiversityR}}: {{Package}} for {{Community Ecology}} and {{Suitability Analysis}}},
  shorttitle = {{{BiodiversityR}}},
  author = {Kindt, Roeland},
  year = {2021},
  month = apr,
  copyright = {GPL-3},
  keywords = {Environmetrics}
}

@article{knezevicCriticalPeriodWeed2002,
  title = {Critical Period for Weed Control: {{The}} Concept and Data Analysis},
  shorttitle = {Critical Period for Weed Control},
  author = {Knezevic, Stevan Z. and Evans, Sean P. and Blankenship, Erin E. and Van Acker, Rene C. and Lindquist, John L.},
  year = {2002},
  journal = {Weed Science},
  volume = {50},
  number = {6},
  pages = {773--786},
  publisher = {{[Cambridge University Press, Weed Science Society of America]}},
  issn = {0043-1745},
  doi = {10/b4bc8z}
}

@article{kolanderSymptomaticAsymptomaticHost2012,
  title = {Symptomatic and Asymptomatic Host Range of {{{\emph{Fusarium virguliforme}}}}, the Causal Agent of Soybean Sudden Death Syndrome},
  author = {Kolander, Tammy M. and Bienapfl, John C. and Kurle, James Edward and Malvick, Dean K.},
  year = {2012},
  month = aug,
  journal = {Plant Disease},
  volume = {96},
  number = {8},
  pages = {1148--1153},
  publisher = {{Scientific Societies}},
  issn = {0191-2917},
  doi = {10/gmw5ff}
}

@article{krugerGrowerViewsProblematic2009,
  title = {U.{{S}}. Grower Views on Problematic Weeds and Changes in Weed Pressure in Glyphosate-Resistant Corn, Cotton, and Soybean Cropping Systems},
  author = {Kruger, Greg R. and Johnson, William G. and Weller, Stephen C. and Owen, Micheal D. K. and Shaw, David R. and Wilcut, John W. and Jordan, David L. and Wilson, Robert G. and Bernards, Mark L. and Young, Bryan G.},
  year = {2009},
  month = mar,
  journal = {Weed Technology},
  volume = {23},
  number = {1},
  pages = {162--166},
  issn = {0890-037X, 1550-2740},
  doi = {10/fjs6sc},
  langid = {english},
  keywords = {(L.) Merr,(L.) Pers.,/span\&gt,\&gt,\&lt,Abutilon theophrasti\&lt,Amaranthus\&lt,Ambrosia\&lt,corn,cotton,Crop rotation,foxtail,Glycine max\&lt,Glyphosate,glyphosate-resistant crops,glyphosate-resistant weeds,Gossypium hirsutum\&lt,Ipomoea\&lt,italic\&\#39,johnsongrass,L,L.,Medik.,morningglory,pigweed,ragweed,Setaria\&lt,Sorghum halepense\&lt,soybean,span class=\&\#39,spp.,survey,velvetleaf,weed shifts,Zea mays\&lt},
  file = {/Users/huongnguyen/Zotero/storage/9JW4GQL5/Kruger et al. - 2009 - U.S. Grower Views on Problematic Weeds and Changes.pdf}
}

@article{leandroCroppingSystemDiversification2018,
  title = {Cropping System Diversification Reduces Severity and Incidence of Soybean Sudden Death Syndrome Caused by {{{\emph{Fusarium virguliforme}}}}},
  author = {Leandro, Leonor F. S. and Eggenberger, Sharon and Chen, Chiliang and Williams, Jeffrey and Beattie, Gwyn A. and Liebman, Matt},
  year = {2018},
  month = sep,
  journal = {Plant Disease},
  volume = {102},
  number = {9},
  pages = {1748--1758},
  publisher = {{Scientific Societies}},
  issn = {0191-2917},
  doi = {10/gd439q}
}

@article{legereDiversityAssemblyWeed2005,
  ids = {legereDiversityAssemblyWeed2005a},
  title = {Diversity and Assembly of Weed Communities: {{Contrasting}} Responses across Cropping Systems},
  shorttitle = {Diversity and Assembly of Weed Communities},
  author = {L{\'e}g{\`e}re, Anne and Stevenson, F. Craig and Benoit, Diane Lyse},
  year = {2005},
  month = aug,
  journal = {Weed Research},
  volume = {45},
  number = {4},
  pages = {303--315},
  issn = {1365-3180},
  doi = {10/dp4rnv}
}

@misc{lenthEmmeansEstimatedMarginal2021,
  title = {Emmeans: {{Estimated}} Marginal Means, Aka Least-Squares Means},
  shorttitle = {Emmeans},
  author = {Lenth, Russell V. and Buerkner, Paul and Herve, Maxime and Love, Jonathon and Riebl, Hannes and Singmann, Henrik},
  year = {2021},
  month = nov,
  copyright = {GPL-2 | GPL-3}
}

@article{letourneauDoesPlantDiversity2011,
  title = {Does Plant Diversity Benefit Agroecosystems? {{A}} Synthetic Review},
  shorttitle = {Does Plant Diversity Benefit Agroecosystems?},
  author = {Letourneau, Deborah K. and Armbrecht, Inge and Rivera, Beatriz Salguero and Lerma, James Montoya and Carmona, Elizabeth Jim{\'e}nez and Daza, Martha Constanza and Escobar, Selene and Galindo, V{\'i}ctor and Guti{\'e}rrez, Catalina and L{\'o}pez, Sebasti{\'a}n Duque and Mej{\'i}a, Jessica L{\'o}pez and Rangel, Aleyda Maritza Acosta and Rangel, Janine Herrera and Rivera, Leonardo and Saavedra, Carlos Arturo and Torres, Alba Marina and Trujillo, Aldemar Reyes},
  year = {2011},
  month = jan,
  journal = {Ecological Applications},
  volume = {21},
  number = {1},
  pages = {9--21},
  issn = {1051-0761},
  doi = {10/cqdhdv},
  langid = {english}
}

@incollection{liebmanCropDiversificationWeed2001,
  ids = {liebmanCropDiversificationWeed2001a},
  title = {Crop Diversification for Weed Management},
  booktitle = {Ecological {{Management}} of {{Agricultural Weeds}}},
  author = {Liebman, Matt and Staver, Charles P.},
  editor = {Mohler, Charles L. and Staver, Charles P. and Liebman, Matt},
  year = {2001},
  pages = {322--374},
  publisher = {{Cambridge University Press}},
  address = {{Cambridge}},
  doi = {10.1017/CBO9780511541810.008},
  isbn = {978-0-521-56068-9}
}

@book{liebmanEcologicalManagementAgricultural2001,
  title = {Ecological Management of Agricultural Weeds},
  author = {Liebman, Matt and Mohler, Charles L. and Staver, Charles P.},
  year = {2001},
  publisher = {{Cambridge University Press}},
  address = {{Cambridge}},
  doi = {10.1017/CBO9780511541810},
  isbn = {978-0-521-56068-9}
}

@article{liebmanIntegrationSoilCrop2000,
  title = {Integration of Soil, Crop and Weed Management in Low-External-Input Farming Systems},
  author = {Liebman, Matt and Davis, Adam S.},
  year = {2000},
  month = feb,
  journal = {Weed Research},
  volume = {40},
  number = {1},
  pages = {27--47},
  issn = {1365-3180},
  doi = {10/fk3p9c},
  langid = {english},
  keywords = {crop diversification,organic soil amendments,phytotoxicity,seed mass},
  file = {/Users/huongnguyen/Zotero/storage/UPAVXD5P/Liebman and Davis - 2000 - Integration of soil, crop and weed management in l.pdf}
}

@incollection{liebmanManyLittleHammers1997,
  title = {Many Little Hammers: {{Ecological}} Management of Crop-Weed Interactions},
  shorttitle = {9 - {{Many Little Hammers}}},
  booktitle = {Ecology in {{Agriculture}}},
  author = {Liebman, Matt and Gallandt, Eric R.},
  editor = {Jackson, Louise E.},
  year = {1997},
  series = {Physiological {{Ecology}}},
  pages = {291--343},
  publisher = {{Academic Press}},
  doi = {10.1016/B978-012378260-1/50010-5},
  isbn = {978-0-12-378260-1}
}

@incollection{liebmanWeedManagementNeed2001,
  title = {Weed Management: {{A}} Need for Ecological Approaches},
  booktitle = {Ecological {{Management}} of {{Agricultural Weeds}}},
  author = {Liebman, Matt},
  editor = {Mohler, Charles L. and Staver, Charles P. and Liebman, Matt},
  year = {2001},
  pages = {1--39},
  publisher = {{Cambridge University Press}},
  address = {{Cambridge}},
  doi = {10.1017/CBO9780511541810.002},
  isbn = {978-0-521-56068-9}
}

@article{liebmanWeedSeedbankDiversity2021,
  title = {Weed Seedbank Diversity and Sustainability Indicators for Simple and More Diverse Cropping Systems},
  author = {Liebman, Matt and Nguyen, Huong T. X. and Woods, Matthew M. and Hunt, Natalie D. and Hill, Jason D.},
  editor = {Storkey, Jonathan},
  year = {2021},
  month = jun,
  journal = {Weed Res},
  volume = {61},
  number = {3},
  pages = {164--177},
  issn = {0043-1737, 1365-3180},
  doi = {10/ghz5bj},
  langid = {english}
}

@incollection{liebmanWeedsSoilEnvironment2001,
  title = {Weeds and the Soil Environment},
  booktitle = {Ecological {{Management}} of {{Agricultural Weeds}}},
  author = {Liebman, Matt and Mohler, Charles L.},
  editor = {Mohler, Charles L. and Staver, Charles P. and Liebman, Matt},
  year = {2001},
  pages = {210--268},
  publisher = {{Cambridge University Press}},
  address = {{Cambridge}},
  doi = {10.1017/CBO9780511541810.006},
  isbn = {978-0-521-56068-9}
}

@article{lindquistVelvetleafAbutilonTheophrasti1995,
  title = {Velvetleaf ({{{\emph{Abutilon theophrasti}}}}) Recruitment, Survival, Seed Production, and Interference in Soybean ({{Glycine}} Max)},
  author = {Lindquist, John L. and Maxwell, Bruce D. and Buhler, Douglas D. and Gunsolus, Jeffrey L.},
  year = {1995},
  journal = {Weed Science},
  volume = {43},
  number = {2},
  pages = {226--232},
  issn = {0043-1745},
  file = {/Users/huongnguyen/Zotero/storage/PSLLYK4Y/Lindquist et al. - 1995 - Velvetleaf (Abutilon theophrasti) Recruitment, Sur.pdf}
}

@article{linResilienceAgricultureCrop2011,
  ids = {linResilienceAgricultureCrop2011a},
  title = {Resilience in Agriculture through Crop Diversification: Adaptive Management for Environmental Change},
  shorttitle = {Resilience in Agriculture through Crop Diversification},
  author = {Lin, Brenda B.},
  year = {2011},
  month = mar,
  journal = {BioScience},
  volume = {61},
  number = {3},
  pages = {183--193},
  publisher = {{Oxford Academic}},
  issn = {0006-3568},
  doi = {10/d26nx5},
  langid = {english}
}

@article{maureaudBiodiversityEcosystemFunctioning2019,
  title = {Biodiversity\textendash Ecosystem Functioning Relationships in Fish Communities: {{Biomass}} Is Related to Evenness and the Environment, Not to Species Richness},
  shorttitle = {Biodiversity\textendash Ecosystem Functioning Relationships in Fish Communities},
  author = {Maureaud, Aurore and Hodapp, Dorothee and {van Denderen}, P. Dani{\"e}l and Hillebrand, Helmut and Gislason, Henrik and Spaanheden Dencker, Tim and Beukhof, Esther and Lindegren, Martin},
  year = {2019},
  month = jul,
  journal = {Proc. R. Soc. B.},
  volume = {286},
  number = {1906},
  pages = {20191189},
  issn = {0962-8452, 1471-2954},
  doi = {10/ghmzx4}
}

@article{menalledWeedAbovegroundSeedbank2001,
  ids = {menalledWeedAbovegroundSeedbank},
  title = {Weed Aboveground and Seedbank Community Responses to Agricultural Management Systems},
  author = {Menalled, Fabi{\'a}n D. and Gross, Katherine L. and Hammond, Mark},
  year = {2001},
  journal = {Ecological Applications},
  volume = {11},
  number = {6},
  pages = {1586--1601},
  issn = {1939-5582},
  doi = {10/dpj63j},
  copyright = {\textcopyright{} 2001 by the Ecological Society of America},
  langid = {english},
  keywords = {agroecosystems,annual row crops,diversity,Long Term Ecological Research (LTER),management systems,temporal patterns,weed community dynamics}
}

@article{moechnigEmpiricalCornYield2003,
  title = {Empirical Corn Yield Loss Estimation from Common Lambsquarters ({{{\emph{Chenopodium album}}}}) and Giant Foxtail ({{{\emph{Setaria faberi}}}}) in Mixed Communities},
  author = {Moechnig, Michael J. and Stoltenberg, David E. and Boerboom, Chris M. and Binning, Larry K.},
  year = {2003},
  month = jun,
  journal = {Weed Science},
  volume = {51},
  number = {3},
  pages = {386--393},
  publisher = {{Cambridge University Press}},
  issn = {0043-1745, 1550-2759},
  doi = {10/db7c35}
}

@incollection{mohlerCharacteristicsCommonAgricultural2009,
  title = {Characteristics of Common Agricultural Weeds Relevant to Crop Rotation},
  booktitle = {Crop Rotation on Organic Farms: A Planning Manual},
  editor = {Mohler, Charles L.},
  year = {2009},
  series = {{{NRAES}}},
  number = {177},
  pages = {138--142},
  publisher = {{Natural Resource, Agriculture, and Engineering Service (NRAES) Cooperative Extension}},
  address = {{Ithaca, NY}},
  isbn = {978-1-933395-21-0},
  lccn = {S603 .C756 2009},
  annotation = {OCLC: ocn320131151}
}

@incollection{mohlerCropDiseasePathogens2009,
  title = {Crop Disease Pathogens Hosted by Common Agricultural Weeds},
  booktitle = {Crop Rotation on Organic Farms: A Planning Manual},
  author = {Mohler, Charles L. and Johnson, Sue Ellen},
  year = {2009},
  series = {{{NRAES}}},
  number = {177},
  pages = {143--147},
  publisher = {{Natural Resource, Agriculture, and Engineering Service (NRAES) Cooperative Extension}},
  address = {{Ithaca, NY}},
  isbn = {978-1-933395-21-0},
  lccn = {S603 .C756 2009},
  annotation = {OCLC: ocn320131151}
}

@incollection{mohlerMechanicalManagementWeeds2001,
  title = {Mechanical Management of Weeds},
  booktitle = {Ecological {{Management}} of {{Agricultural Weeds}}},
  author = {Mohler, Charles L.},
  editor = {Mohler, Charles L. and Staver, Charles P. and Liebman, Matt},
  year = {2001},
  pages = {139--209},
  publisher = {{Cambridge University Press}},
  address = {{Cambridge}},
  doi = {10.1017/CBO9780511541810.005},
  isbn = {978-0-521-56068-9}
}

@incollection{mohlerWeedEvolutionCommunity2001,
  title = {Weed Evolution and Community Structure},
  booktitle = {Ecological {{Management}} of {{Agricultural Weeds}}},
  author = {Mohler, Charles L.},
  editor = {Mohler, Charles L. and Staver, Charles P. and Liebman, Matt},
  year = {2001},
  pages = {444--493},
  publisher = {{Cambridge University Press}},
  address = {{Cambridge}},
  doi = {10.1017/CBO9780511541810.011},
  isbn = {978-0-521-56068-9}
}

@incollection{mohlerWeedLifeHistory2001,
  title = {Weed Life History: {{Identifying}} Vulnerabilities},
  booktitle = {Ecological {{Management}} of {{Agricultural Weeds}}},
  author = {Mohler, Charles L.},
  editor = {Mohler, Charles L. and Staver, Charles P. and Liebman, Matt},
  year = {2001},
  pages = {40--98},
  publisher = {{Cambridge University Press}},
  address = {{Cambridge}},
  doi = {10.1017/CBO9780511541810.003},
  isbn = {978-0-521-56068-9}
}

@article{moreauWhichCroppingSystems2020,
  title = {In Which Cropping Systems Can Residual Weeds Reduce Nitrate Leaching and Soil Erosion?},
  author = {Moreau, Delphine and Pointurier, Olivia and Nicolardot, Bernard and Villerd, Jean and Colbach, Nathalie},
  year = {2020},
  month = sep,
  journal = {European Journal of Agronomy},
  volume = {119},
  pages = {126015},
  issn = {1161-0301},
  doi = {10/gmwscz},
  langid = {english}
}

@article{morrisChoosingUsingDiversity2014,
  title = {Choosing and Using Diversity Indices: {{Insights}} for Ecological Applications from the {{German Biodiversity Exploratories}}},
  shorttitle = {Choosing and Using Diversity Indices},
  author = {Morris, E. Kathryn and Caruso, Tancredi and Buscot, Fran{\c c}ois and Fischer, Markus and Hancock, Christine and Maier, Tanja S. and Meiners, Torsten and M{\"u}ller, Caroline and Obermaier, Elisabeth and Prati, Daniel and Socher, Stephanie A. and Sonnemann, Ilja and W{\"a}schke, Nicole and Wubet, Tesfaye and Wurst, Susanne and Rillig, Matthias C.},
  year = {2014},
  month = sep,
  journal = {Ecol Evol},
  volume = {4},
  number = {18},
  pages = {3514--3524},
  issn = {2045-7758, 2045-7758},
  doi = {10/f6kkwf},
  langid = {english}
}

@article{mortensenNavigatingCriticalJuncture2012,
  title = {Navigating a Critical Juncture for Sustainable Weed Management},
  author = {Mortensen, David A. and Egan, J. Franklin and Maxwell, Bruce D. and Ryan, Matthew R. and Smith, Richard G.},
  year = {2012},
  month = jan,
  journal = {BioScience},
  volume = {62},
  number = {1},
  pages = {75--84},
  publisher = {{Oxford Academic}},
  issn = {0006-3568},
  doi = {10/fx4hx2},
  file = {/Users/huongnguyen/Zotero/storage/GWEXVE4S/Mortensen et al. - 2012 - Navigating a Critical Juncture for Sustainable Wee.pdf}
}

@article{murphyPromotionWeedSpecies2006,
  title = {Promotion of Weed Species Diversity and Reduction of Weed Seedbanks with Conservation Tillage and Crop Rotation},
  author = {Murphy, Stephen D. and Clements, David R. and Belaoussoff, Svenja and Kevan, Peter G. and Swanton, Clarence J.},
  year = {2006},
  month = feb,
  journal = {Weed Science},
  volume = {54},
  number = {1},
  pages = {69--77},
  publisher = {{Cambridge University Press}},
  issn = {0043-1745, 1550-2759},
  doi = {10/fnhj3z},
  langid = {english}
}

@book{nandulaGlyphosateResistanceCrops2010,
  title = {Glyphosate Resistance in Crops and Weeds: {{History}}, Development, and Management},
  shorttitle = {Glyphosate Resistance in Crops and Weeds},
  author = {Nandula, Vijay K.},
  year = {2010},
  publisher = {{Wiley}},
  address = {{Somerset, UNITED STATES}},
  isbn = {978-1-118-04354-7}
}

@misc{nguyenDataWeedCommunity2022,
  title = {Data for: {{Weed}} Community Composition in Simple and More Diverse Cropping Systems},
  author = {Nguyen, Huong T. X. and Liebman, Matt},
  year = {2022},
  publisher = {{Iowa State University, Data Share}}
}

@article{nicholsWeedDynamicsConservation2015,
  ids = {nicholsWeedDynamicsConservation2015a},
  title = {Weed Dynamics and Conservation Agriculture Principles: {{A}} Review},
  shorttitle = {Weed Dynamics and Conservation Agriculture Principles},
  author = {Nichols, Virginia and Verhulst, Nele and Cox, Rachael and Govaerts, Bram},
  year = {2015},
  month = nov,
  journal = {Field Crops Research},
  volume = {183},
  pages = {56--68},
  issn = {0378-4290},
  doi = {10/gdg5kq},
  keywords = {Conservation agriculture,No-till,Residue,Rotation,Weeds},
  file = {/Users/huongnguyen/Zotero/storage/CNZZY58Z/Nichols et al. - 2015 - Weed dynamics and conservation agriculture princip.pdf}
}

@article{nkoaWeedAbundanceDistribution2015,
  title = {Weed Abundance, Distribution, Diversity, and Community Analyses},
  author = {Nkoa, Roger and Owen, Micheal D. K. and Swanton, Clarence J.},
  year = {2015},
  month = feb,
  journal = {Weed Science},
  volume = {63},
  number = {SP1},
  pages = {64--90},
  issn = {0043-1745, 1550-2759},
  doi = {10/gddj7f},
  file = {/Users/huongnguyen/Zotero/storage/EU2YUGYK/Nkoa et al. - 2015 - Weed Abundance, Distribution, Diversity, and Commu.pdf}
}

@article{oerkeCropLossesPests2006,
  title = {Crop Losses to Pests},
  author = {Oerke, E.-C.},
  year = {2006},
  month = feb,
  journal = {The Journal of Agricultural Science},
  volume = {144},
  number = {1},
  pages = {31--43},
  issn = {1469-5146, 0021-8596},
  doi = {10/d94n5k},
  langid = {english}
}

@misc{oksanenVeganCommunityEcology2020,
  title = {Vegan: {{Community}} Ecology Package},
  shorttitle = {Vegan},
  author = {Oksanen, Jari and Blanchet, F. Guillaume and Friendly, Michael and Kindt, Roeland and Legendre, Pierre and McGlinn, Dan and Minchin, Peter R. and O'Hara, R. B. and Simpson, Gavin L. and Solymos, Peter and Stevens, M. Henry H. and Szoecs, Eduard and Wagner, Helene},
  year = {2020},
  month = nov,
  copyright = {GPL-2}
}

@article{ominskiWeedSuppressionMedicago1999,
  title = {Weed Suppression by {{{\emph{Medicago sativa}}}} in Subsequent Cereal Crops: {{A}} Comparative Survey},
  shorttitle = {Weed Suppression by Medicago Sativa in Subsequent Cereal Crops},
  author = {Ominski, P. D. and Entz, M. H. and Kenkel, N.},
  year = {1999},
  journal = {Weed Science},
  volume = {47},
  number = {3},
  pages = {282--290},
  issn = {0043-1745},
  doi = {10/ghkhdg}
}

@article{owenWeedSpeciesShifts2008,
  ids = {owenWeedSpeciesShifts2008a},
  title = {Weed Species Shifts in Glyphosate-Resistant Crops},
  author = {Owen, Micheal D. K.},
  year = {2008},
  month = apr,
  journal = {Pest Management Science},
  volume = {64},
  number = {4},
  pages = {377--387},
  issn = {1526-4998},
  doi = {10/ck4hjf},
  copyright = {Copyright \textcopyright{} 2008 Society of Chemical Industry},
  langid = {english},
  keywords = {genetically modified crops,glyphosate,glyphosate-resistant crops,herbicide resistance,herbicide tolerance,interspecific hybridization,selection pressure,transgenic crops,weed population shifts},
  file = {/Users/huongnguyen/Zotero/storage/HTHVY2AM/Owen - 2008 - Weed species shifts in glyphosate-resistant crops.pdf}
}

@article{pakemanIncreasedCropDiversity2020,
  title = {Increased Crop Diversity Reduces the Functional Space Available for Weeds},
  author = {Pakeman, R J and Brooker, R W and Karley, A J and Newton, A C and Mitchell, C and Hewison, R L and Pollenus, J and Guy, D C and Sch{\"o}b, C},
  year = {2020},
  journal = {Weed Research},
  volume = {60},
  number = {2},
  pages = {121--131},
  issn = {1365-3180},
  doi = {10/gm375k},
  langid = {english},
  annotation = {\_eprint: https://onlinelibrary.wiley.com/doi/pdf/10.1111/wre.12393}
}

@article{payneDesignAnalysisLong2015,
  title = {The Design and Analysis of Long-term Rotation Experiments},
  author = {Payne, Roger William},
  year = {2015},
  month = mar,
  journal = {Agronomy Journal},
  volume = {107},
  number = {2},
  pages = {772--785},
  issn = {00021962},
  doi = {10/f673ct}
}

@article{petitWeedsAgriculturalLandscapes2011,
  title = {Weeds in Agricultural Landscapes. {{A}} Review},
  author = {Petit, Sandrine and Boursault, Aline and Le Guilloux, M{\'e}lanie and {Munier-Jolain}, Nicolas and Reboud, Xavier},
  year = {2011},
  month = apr,
  journal = {Agronomy Sust. Developm.},
  volume = {31},
  number = {2},
  pages = {309--317},
  issn = {1773-0155},
  doi = {10/fbf6cp},
  langid = {english}
}

@book{pielouInterpretationEcologicalData1984,
  title = {The Interpretation of Ecological Data: {{A}} Primer on Classification and Ordination},
  shorttitle = {The Interpretation of Ecological Data},
  author = {Pielou, Evelyn Chrystalla},
  year = {1984},
  month = sep,
  publisher = {{John Wiley \& Sons}},
  address = {{New York, NY}},
  googlebooks = {aUaJoxiyjJoC},
  isbn = {978-0-471-88950-2},
  file = {/Users/huongnguyen/Zotero/storage/LNSQMRVU/904189656.html}
}

@article{princeBenchmarkStudyIntroduction2012,
  title = {Benchmark Study: {{I}}. {{Introduction}}, Weed Population, and Management Trends from the Benchmark Survey 2010},
  shorttitle = {Benchmark Study},
  author = {Prince, Joby M. and Shaw, David R. and Givens, Wade A. and Owen, Micheal D. K. and Weller, Stephen C. and Young, Bryan G. and Wilson, Robert G. and Jordan, David L.},
  year = {2012},
  month = sep,
  journal = {Weed Technology},
  volume = {26},
  number = {3},
  pages = {525--530},
  issn = {0890-037X, 1550-2740},
  doi = {10/gdf4rc},
  langid = {english}
}

@article{princeBenchmarkStudyIV2012,
  title = {Benchmark Study: {{IV}}. {{Survey}} of Grower Practices for Managing Glyphosate-Resistant Weed Populations},
  shorttitle = {Benchmark {{Study}}},
  author = {Prince, Joby M. and Shaw, David R. and Givens, Wade A. and Owen, Micheal D. K. and Weller, Stephen C. and Young, Bryan G. and Wilson, Robert G. and Jordan, David L.},
  year = {2012},
  month = sep,
  journal = {Weed Technology},
  volume = {26},
  number = {3},
  pages = {543--548},
  issn = {0890-037X, 1550-2740},
  doi = {10/f37vn9}
}

@article{prokopyUrgencyTransformingMidwestern2020,
  title = {The Urgency of Transforming the {{Midwestern U}}.{{S}}. Landscape into More than Corn and Soybean},
  author = {Prokopy, Linda S. and Gramig, Benjamin M. and Bower, Alisha and Church, Sarah P. and Ellison, Brenna and Gassman, Philip W. and Genskow, Ken and Gucker, Douglas and Hallett, Steve G. and Hill, Jason and Hunt, Natalie and Johnson, Kris A. and Kaplan, Ian and Kelleher, J. Paul and Kok, Hans and Komp, Michael and Lammers, Peter and LaRose, Sarah and Liebman, Matthew and Margenot, Andrew and Mulla, David and O'Donnell, Michael J. and Peimer, Alex W. and Reaves, Elizabeth and Salazar, Kara and Schelly, Chelsea and Schilling, Keith and Secchi, Silvia and Spaulding, Aslihan D. and Swenson, David and Thompson, Aaron W. and {Ulrich-Schad}, Jessica D.},
  year = {2020},
  month = sep,
  journal = {Agric Hum Values},
  volume = {37},
  number = {3},
  pages = {537--539},
  issn = {1572-8366},
  doi = {10/gk6vmv},
  langid = {english}
}

@misc{rdevelopmentcoreteamLanguageEnvironmentStatistical2021,
  title = {R: {{A}} Language and Environment for Statistical Computing},
  author = {{R Development Core Team}},
  year = {2021},
  month = nov,
  address = {{Vienna, Austria}},
  howpublished = {R Foundation for Statistical Computing},
  isbn = {3-900051-07-0}
}

@incollection{reddyGlyphosateresistantCropProduction2010,
  title = {Glyphosate-Resistant Crop Production Systems: {{Impact}} on Weed Species Shifts},
  shorttitle = {Glyphosate-Resistant Crop Production Systems},
  booktitle = {Glyphosate {{Resistance}} in {{Crops}} and {{Weeds}}},
  author = {Reddy, Krishna N. and Norsworthy, Jason K.},
  year = {2010},
  pages = {165--184},
  publisher = {{Wiley-Blackwell}},
  address = {{New York, NY}},
  doi = {10.1002/9780470634394.ch9},
  isbn = {978-0-470-63439-4},
  langid = {english},
  keywords = {commercialized in the United States,glyphosate-resistant crop production systems - and impact on weed species shifts,transgenic GR canola and GR soybean - bacterial genes imparting resistance to glyphosate,weed species shifts in GRCs - prudent use of glyphosate in combination with other weed management tactics}
}

@article{rollinWeedinsectPollinatorNetworks2016,
  title = {Weed-Insect Pollinator Networks as Bio-Indicators of Ecological Sustainability in Agriculture. {{A}} Review},
  author = {Rollin, Orianne and Benelli, Giovanni and Benvenuti, Stefano and Decourtye, Axel and Wratten, Steve D. and Canale, Angelo and Desneux, Nicolas},
  year = {2016},
  month = mar,
  journal = {Agron. Sustain. Dev.},
  volume = {36},
  number = {1},
  pages = {8},
  issn = {1774-0746, 1773-0155},
  doi = {10/f8kmdg}
}

@article{routledgeBiasEstimatingDiversity1980,
  title = {Bias in Estimating the Diversity of Large, Uncensused Communities},
  author = {Routledge, R. D.},
  year = {1980},
  journal = {Ecology},
  volume = {61},
  number = {2},
  pages = {276--281},
  issn = {1939-9170},
  doi = {10/d2z83j},
  langid = {english},
  annotation = {\_eprint: https://onlinelibrary.wiley.com/doi/pdf/10.2307/1935186}
}

@article{ryanManagementFiltersSpecies2010,
  title = {Management Filters and Species Traits: {{Weed}} Community Assembly in Long-Term Organic and Conventional Systems},
  shorttitle = {Management Filters and Species Traits},
  author = {Ryan, Matthew R. and Smith, Richard G. and Mirsky, Steven B. and Mortensen, David A. and Seidel, Rita},
  year = {2010},
  journal = {Weed Science},
  volume = {58},
  number = {3},
  pages = {265--277},
  publisher = {{[Cambridge University Press, Weed Science Society of America]}},
  issn = {0043-1745},
  doi = {10/cxhk78},
  keywords = {community assembly,filters,legacy,organic,Seed bank,traits},
  file = {/Users/huongnguyen/Zotero/storage/755NMVMV/Ryan et al. - 2010 - Management Filters and Species Traits Weed Commun.pdf}
}

@article{schreiberInfluenceTillageCrop1992,
  title = {Influence of Tillage, Crop Rotation, and Weed Management on Giant Foxtail ({{{\emph{Setaria faberi}}}}) Population Dynamics and Corn Yield},
  author = {Schreiber, Marvin M.},
  year = {1992},
  journal = {Weed Science},
  volume = {40},
  number = {4},
  pages = {645--653},
  publisher = {{[Cambridge University Press, Weed Science Society of America]}},
  issn = {0043-1745},
  doi = {10/gm8m46}
}

@article{shanerLessonsLearnedHistory2014,
  title = {Lessons Learned from the History of Herbicide Resistance},
  author = {Shaner, Dale L.},
  year = {2014},
  month = jun,
  journal = {Weed Science},
  volume = {62},
  number = {2},
  pages = {427--431},
  issn = {0043-1745, 1550-2759},
  doi = {10/f5z7nf},
  langid = {english}
}

@article{singhCropYieldEconomics2021,
  title = {Crop Yield and Economics of Cropping Systems Involving Different Rotations, Tillage, and Cover Crops},
  author = {Singh, J. and Wang, T. and Kumar, S. and Xu, Z. and Sexton, P. and Davis, J. and Bly, A.},
  year = {2021},
  journal = {Journal of Soil and Water Conservation},
  volume = {76},
  number = {4},
  pages = {340--348},
  issn = {0022-4561, 1941-3300},
  doi = {10/gj6mvd},
  langid = {english}
}

@article{smithAssemblyWeedCommunities2007,
  title = {Assembly of Weed Communities along a Crop Diversity Gradient},
  author = {Smith, Richard G. and Gross, Katherine L.},
  year = {2007},
  journal = {Journal of Applied Ecology},
  volume = {44},
  number = {5},
  pages = {1046--1056},
  issn = {1365-2664},
  doi = {10/d8dvks},
  langid = {english},
  annotation = {\_eprint: https://onlinelibrary.wiley.com/doi/pdf/10.1111/j.1365-2664.2007.01335.x}
}

@article{smithEffectsCropDiversity2008,
  title = {Effects of Crop Diversity on Agroecosystem Function: {{Crop}} Yield Response},
  shorttitle = {Effects of Crop Diversity on Agroecosystem Function},
  author = {Smith, Richard G. and Gross, Katherine L. and Robertson, G. Philip},
  year = {2008},
  month = apr,
  journal = {Ecosystems},
  volume = {11},
  number = {3},
  pages = {355--366},
  issn = {1432-9840, 1435-0629},
  doi = {10/btp4k3},
  langid = {english}
}

@article{smithWeedCommunityCorn2006,
  title = {Weed Community and Corn Yield Variability in Diverse Management Systems},
  author = {Smith, Richard G. and Gross, Katherine L.},
  year = {2006},
  journal = {Weed Science},
  volume = {54},
  number = {1},
  pages = {106--113},
  publisher = {{[Cambridge University Press, Weed Science Society of America]}},
  issn = {0043-1745},
  doi = {10/dzt4h7}
}

@article{steckelCommonWaterhempAmaranthus2004,
  title = {Common Waterhemp ({{{\emph{Amaranthus rudis}}}}) Interference in Corn},
  author = {Steckel, Lawrence E. and Sprague, Christy L.},
  year = {2004},
  month = may,
  journal = {wees},
  volume = {52},
  number = {3},
  pages = {359--364},
  issn = {0043-1745, 1550-2759},
  doi = {10/frc847}
}

@article{stefanCropWeedRelationships2021,
  title = {Crop\textendash Weed Relationships Are Context-Dependent and Cannot Fully Explain the Positive Effects of Intercropping on Yield},
  author = {Stefan, Laura and Engbersen, Nadine and Sch{\"o}b, Christian},
  year = {2021},
  journal = {Ecological Applications},
  volume = {31},
  number = {4},
  pages = {e02311},
  issn = {1939-5582},
  doi = {10/gmzgxj},
  langid = {english},
  annotation = {\_eprint: https://onlinelibrary.wiley.com/doi/pdf/10.1002/eap.2311}
}

@article{stefanPositiveEffectsCrop2021,
  title = {Positive Effects of Crop Diversity on Productivity Driven by Changes in Soil Microbial Composition},
  author = {Stefan, Laura and Hartmann, Martin and Engbersen, Nadine and Six, Johan and Sch{\"o}b, Christian},
  year = {2021},
  journal = {Frontiers in Microbiology},
  volume = {12},
  pages = {808},
  issn = {1664-302X},
  doi = {10/gk8dpc}
}

@incollection{stevensCommunityCompositionDiversity2009,
  title = {Community Composition and Diversity},
  booktitle = {A {{Primer}} of {{Ecology}} with {{R}}},
  author = {Stevens, M. Henry H.},
  editor = {Stevens, M. Henry H.},
  year = {2009},
  pages = {285--333},
  publisher = {{Springer New York}},
  address = {{New York, NY}},
  doi = {10.1007/978-0-387-89882-7_10},
  isbn = {978-0-387-89881-0 978-0-387-89882-7}
}

@article{stewartWeedControlEnvironmental2011,
  title = {Weed Control, Environmental Impact, and Economics of Weed Management Strategies in Glyphosate-Resistant Soybean},
  author = {Stewart, Christie L. and Nurse, Robert E. and Eerd, Laura L. Van and Vyn, Richard J. and Sikkema, Peter H.},
  year = {2011},
  month = dec,
  journal = {Weed Technology},
  volume = {25},
  number = {4},
  pages = {535--541},
  issn = {0890-037X, 1550-2740},
  doi = {10/dkxnsg},
  keywords = {-metolachlor,(L.) Beauv. SETVI,/span\&gt,\&gt,\&lt,Abutilon theophrasti\&lt,Amaranthus retroflexus\&lt,Ambrosia artemisiifolia\&lt,Chenopodium album\&lt,common lambsquarters,common ragweed,Environmental impact quotient (EIQ),Flumetsulam,Glycine max\&lt,glyphosate,glyphosate stewardship,green foxtail,gross margin,imazethapyr,italic\&\#39,L.,L. AMARE,L. AMBEL,L. CHEAL,Medic. ABUTH,redroot pigweed,s\&lt,Setaria viridis\&lt,soybean,span class=\&\#39,velvetleaf},
  file = {/Users/huongnguyen/Zotero/storage/B2FVXTI2/Stewart et al. - 2011 - Weed Control, Environmental Impact, and Economics .pdf}
}

@article{stirlingEmpiricalRelationshipsSpecies2001,
  ids = {stirlingEmpiricalRelationshipsSpecies2001a},
  title = {Empirical Relationships between Species Richness, Evenness, and Proportional Diversity.},
  author = {Stirling, Gray and Wilsey, Brian},
  year = {2001},
  month = sep,
  journal = {The American Naturalist},
  volume = {158},
  number = {3},
  pages = {286--299},
  issn = {0003-0147},
  doi = {10/dxpbpj}
}

@article{storkeyWhatGoodWeed2018,
  title = {What Good Is Weed Diversity?},
  author = {Storkey, Jonathan and Neve, Paul},
  year = {2018},
  month = aug,
  journal = {Weed Res},
  volume = {58},
  number = {4},
  pages = {239--243},
  issn = {0043-1737},
  doi = {10/gdwv5r},
  pmcid = {PMC6109960},
  pmid = {30174354}
}

@article{swintonEstimationCropYield1994,
  title = {Estimation of Crop Yield Loss Due to Interference by Multiple Weed Species},
  author = {Swinton, Scott M. and Buhler, Douglas D. and Forcella, Frank and Gunsolus, Jeffrey L. and King, Robert P.},
  year = {1994},
  journal = {Weed Science},
  volume = {42},
  number = {1},
  pages = {103--109},
  issn = {0043-1745}
}

@article{tamburiniAgriculturalDiversificationPromotes2020,
  title = {Agricultural Diversification Promotes Multiple Ecosystem Services without Compromising Yield},
  author = {Tamburini, Giovanni and Bommarco, Riccardo and Wanger, Thomas Cherico and Kremen, Claire and {van der Heijden}, Marcel G. A. and Liebman, Matt and Hallin, Sara},
  year = {2020},
  month = nov,
  journal = {Sci. Adv.},
  volume = {6},
  number = {45},
  issn = {2375-2548},
  doi = {10/gjcwv8},
  langid = {english}
}

@misc{usdaersRecentTrendsGE2020,
  title = {Recent Trends in {{GE}} Adoption},
  author = {{USDA ERS}},
  year = {2020},
  month = jul,
  howpublished = {https://www.ers.usda.gov/data-products/adoption-of-genetically-engineered-crops-in-the-us/recent-trends-in-ge-adoption.aspx}
}

@book{uvaWeedsNortheast1997,
  title = {Weeds of the {{Northeast}}},
  author = {Uva, Richard H. and Neal, Joseph C. and Ditomaso, Joseph M.},
  year = {1997},
  month = may,
  publisher = {{Cornell University Press}},
  address = {{Ithaca, NY}},
  isbn = {978-0-8014-8334-9}
}

@article{vanderlaatPostdispersalWeedSeed2015,
  title = {Postdispersal Weed Seed Predation and Invertebrate Activity Density in Three Tillage Regimes},
  author = {{van der Laat}, Rocio and Owen, Micheal D. K. and Liebman, Matt and Leon, Ramon G.},
  year = {2015},
  month = dec,
  journal = {Weed Science},
  volume = {63},
  number = {4},
  pages = {828--838},
  issn = {0043-1745, 1550-2759},
  doi = {10/gddc93},
  keywords = {(L.) Merr.,(Moq.) Sauer.,/span\&gt,\&gt,\&lt,Abutilon theophrasti\&lt,Amaranthus tuberculatus\&lt,Biological control,Chenopodium album\&lt,Common lambsquarters,common waterhemp,corn,field crickets,giant foxtail,Glycine max\&lt,ground beetles,Herrm.,integrated weed management,italic\&\#39,L.,Medik.,seedbank,Setaria faberi\&lt,soybean,span class=\&\#39,velvetleaf,Zea mays\&lt},
  file = {/Users/huongnguyen/Zotero/storage/7ZB5AUZQ/Laat et al. - 2015 - Postdispersal Weed Seed Predation and Invertebrate.pdf}
}

@article{vanheemstInfluenceWeedCompetition1985,
  title = {The Influence of Weed Competition on Crop Yield},
  author = {{van Heemst}, H. D. J.},
  year = {1985},
  month = jan,
  journal = {Agricultural Systems},
  volume = {18},
  number = {2},
  pages = {81--93},
  issn = {0308-521X},
  doi = {10/bp6whv},
  langid = {english}
}

@article{vargaCompetitiveEffectThree2002,
  title = {{The competitive effect of three dangerous weeds on the yields of maize in different years.}},
  author = {Varga, P. and B{\'e}res, I. and Reisinger, P.},
  year = {2002},
  journal = {N\"ov\'enyv\'edelem},
  volume = {38},
  number = {5},
  pages = {219--226},
  publisher = {{Agroinform Kiad\'oh\'az}},
  issn = {0133-0829},
  langid = {hungarian},
  keywords = {⛔ No DOI found}
}

@incollection{vibransEthnobotanyMexicanWeeds2016,
  title = {Ethnobotany of Mexican Weeds},
  booktitle = {Ethnobotany of {{Mexico}}: {{Interactions}} of {{People}} and {{Plants}} in {{Mesoamerica}}},
  author = {Vibrans, Heike},
  editor = {Lira, Rafael and Casas, Alejandro and Blancas, Jos{\'e}},
  year = {2016},
  series = {Ethnobiology},
  pages = {287--317},
  publisher = {{Springer}},
  address = {{New York, NY}},
  doi = {10.1007/978-1-4614-6669-7_12},
  isbn = {978-1-4614-6669-7},
  langid = {english},
  keywords = {Field Margin,Home Garden,Main Crop,Maize Field,Weed Flora}
}

@article{weisbergerDoesDiversifyingCrop2019,
  title = {Does Diversifying Crop Rotations Suppress Weeds? {{A}} Meta-Analysis},
  shorttitle = {Does Diversifying Crop Rotations Suppress Weeds?},
  author = {Weisberger, David and Nichols, Virginia and Liebman, Matt},
  editor = {Sainju, Upendra M.},
  year = {2019},
  month = jul,
  journal = {PLoS ONE},
  volume = {14},
  number = {7},
  pages = {e0219847},
  issn = {1932-6203},
  doi = {10/gh28qh}
}

@incollection{wellerManagingGlyphosateresistantWeeds2010,
  title = {Managing Glyphosate-Resistant Weeds and Population Shifts in {{Midwestern U}}.{{S}}. Cropping Systems},
  booktitle = {Glyphosate {{Resistance}} in {{Crops}} and {{Weeds}}},
  author = {Weller, Stephen C. and Owen, Micheal D. K. and Johnson, William G.},
  year = {2010},
  pages = {213--232},
  publisher = {{Wiley-Blackwell}},
  doi = {10.1002/9780470634394.ch12},
  isbn = {978-0-470-63439-4},
  langid = {english},
  keywords = {genetically engineered (GE) GR crops,GR weeds,increasing selection pressure for additional GR weed biotype evolution,major economic problems - recurrent use of glyphosate,managing glyphosate-resistant weeds and population shifts - in midwestern U.S. cropping systems,new agronomic crop traits - influencing weed populations/shifts}
}

@article{westermanAreManyLittle2005,
  title = {Are Many Little Hammers Effective? {{Velvetleaf}} ({{{\emph{ Abutilon theophrasti}}}}) Population Dynamics in Two- and Four-Year Crop Rotation Systems},
  shorttitle = {Are Many Little Hammers Effective?},
  author = {Westerman, Paula R. and Liebman, Matt and Menalled, Fabi{\'a}n D. and Heggenstaller, Andrew H. and Hartzler, Robert G. and Dixon, Philip M.},
  year = {2005},
  month = jun,
  journal = {Weed Science},
  volume = {53},
  number = {3},
  pages = {382--392},
  issn = {0043-1745, 1550-2759},
  doi = {10/bgc2x2},
  keywords = {Abutilon theophrasti Medicus ABUTH,alfalfa,corn,Crop rotation,Glycine max (L.) Merr.,matrix population models,Medicago sativa L.,seed predation,soybean,triticale,Triticosecale spp.,Velvetleaf,weed population dynamics,Zea mays L.}
}

@misc{wickhamGgplot2CreateElegant2021,
  title = {Ggplot2: {{Create}} Elegant Data Visualisations Using the Grammar of Graphics},
  shorttitle = {Ggplot2},
  author = {Wickham, Hadley and Chang, Winston and Henry, Lionel and Pedersen, Thomas Lin and Takahashi, Kohske and Wilke, Claus and Woo, Kara and Yutani, Hiroaki and Dunnington, Dewey and {RStudio}},
  year = {2021},
  month = jun,
  copyright = {MIT + file LICENSE}
}

@misc{wickhamTidyverseEasilyInstall2021,
  title = {Tidyverse: {{Easily}} Install and Load the 'Tidyverse'},
  shorttitle = {Tidyverse},
  author = {Wickham, Hadley and {RStudio}},
  year = {2021},
  month = apr,
  copyright = {MIT + file LICENSE}
}

@article{wilsonDistributionDicotyledonousArable1995,
  title = {The Distribution of Dicotyledonous Arable Weeds in Relation to Distance from the Field Edge},
  author = {Wilson, P. J. and Aebischer, N. J.},
  year = {1995},
  journal = {Journal of Applied Ecology},
  volume = {32},
  number = {2},
  pages = {295--310},
  publisher = {{[British Ecological Society, Wiley]}},
  issn = {0021-8901},
  doi = {10/cf6rrp}
}

@article{wislerInteractionsWeedsCultivated2005,
  title = {Interactions between Weeds and Cultivated Plants as Related to Management of Plant Pathogens},
  author = {Wisler, Gail C. and Norris, Robert F.},
  year = {2005},
  journal = {Weed Science},
  volume = {53},
  number = {6},
  pages = {914--917},
  publisher = {{[Cambridge University Press, Weed Science Society of America]}},
  issn = {0043-1745},
  doi = {10/b8v78r}
}

@article{wortmanWeedyFallowAlternative2016,
  title = {Weedy Fallow as an Alternative Strategy for Reducing Nitrogen Loss from Annual Cropping Systems},
  author = {Wortman, Sam E.},
  year = {2016},
  month = oct,
  journal = {Agron. Sustain. Dev.},
  volume = {36},
  number = {4},
  pages = {61},
  issn = {1773-0155},
  doi = {10/f9cmqg},
  langid = {english}
}

@article{yagiokaEffectNotillageWeed2015,
  title = {Effect of No-Tillage with Weed Cover Mulching versus Conventional Tillage on Global Warming Potential and Nitrate Leaching},
  author = {Yagioka, Atsushi and Komatsuzaki, Masakazu and Kaneko, Nobuhiro and Ueno, Hideto},
  year = {2015},
  month = feb,
  journal = {Agriculture, Ecosystems \& Environment},
  volume = {200},
  pages = {42--53},
  issn = {0167-8809},
  doi = {10/f6x2p2},
  langid = {english}
}

@misc{zhuKableExtraConstructComplex2021,
  title = {{{kableExtra}}: {{Construct}} Complex Table with 'kable' and Pipe Syntax},
  shorttitle = {{{kableExtra}}},
  author = {Zhu, Hao and Travison, Thomas and Tsai, Timothy and Beasley, Will and Xie, Yihui and Yu, GuangChuang and Laurent, St{\'e}phane and Shepherd, Rob and Sidi, Yoni and Salzer, Brian and Gui, George and Fan, Yeliang and Murdoch, Duncan and Evans, Bill},
  year = {2021},
  month = feb,
  copyright = {MIT + file LICENSE}
}

@incollection{zimdahlNeedHistoricalPerspective2012,
  title = {The Need for Historical Perspective},
  booktitle = {Weed {{Science}} - {{A Plea}} for {{Thought}} - {{Revisited}}},
  author = {Zimdahl, Robert L.},
  editor = {Zimdahl, Robert L.},
  year = {2012},
  series = {{{SpringerBriefs}} in {{Agriculture}}},
  pages = {1--23},
  publisher = {{Springer Netherlands}},
  address = {{Dordrecht}},
  doi = {10.1007/978-94-007-2088-6_1},
  isbn = {978-94-007-2088-6},
  langid = {english},
  keywords = {Sodium Arsenite,Sodium Chlorate,Spontaneous Generation,Weed Control,Weed Management}
}




% ------------------------------------------------------------------------


@misc{audigierMicemdMultipleImputation2021,
  title = {Micemd: {{Multiple}} Imputation by Chained Equations with Multilevel Data},
  shorttitle = {Micemd},
  author = {Audigier, Vincent and {Resche-Rigon}, Matthieu},
  year = {2021},
  month = oct,
  copyright = {GPL-2 | GPL-3},
  keywords = {MissingData}
}

@article{audigierMultipleImputationMultilevel2018,
  title = {Multiple Imputation for Multilevel Data with Continuous and Binary Variables},
  author = {Audigier, Vincent and White, Ian R. and Jolani, Shahab and Debray, Thomas P. A. and Quartagno, Matteo and Carpenter, James and {van Buuren}, Stef and {Resche-Rigon}, Matthieu},
  year = {2018},
  month = may,
  journal = {Statist. Sci.},
  volume = {33},
  number = {2},
  issn = {0883-4237},
  doi = {10/gdjsjt}
}

@article{azurMultipleImputationChained2011,
  title = {Multiple Imputation by Chained Equations: {{What}} Is It and How Does It Work?: {{Multiple}} Imputation by Chained Equations},
  shorttitle = {Multiple Imputation by Chained Equations},
  author = {Azur, Melissa J. and Stuart, Elizabeth A. and Frangakis, Constantine and Leaf, Philip J.},
  year = {2011},
  month = mar,
  journal = {Int. J. Methods Psychiatr. Res.},
  volume = {20},
  number = {1},
  pages = {40--49},
  issn = {10498931},
  doi = {10/cfbxfz}
}

@article{bellTimeRequirementPollination2010,
  title = {Time Requirement from Pollination to Seed Maturity in Waterhemp ({{{\emph{Amaranthus}}}}{\emph{ Tuberculatus}})},
  author = {Bell, Michael S. and Tranel, Patrick J.},
  year = {2010},
  month = jun,
  journal = {Weed Science},
  volume = {58},
  number = {2},
  pages = {167--173},
  issn = {0043-1745, 1550-2759},
  doi = {10/c547b8},
  keywords = {Amaranthus tuberculatus (Moq.) Sauer AMATU,Dormancy,germination,pollination,seed set,seed weight,Waterhemp}
}

@article{buhlerEmergencePersistenceSeed2001,
  title = {Emergence and Persistence of Seed of Velvetleaf, Common Waterhemp, Woolly Cupgrass, and Giant Foxtail},
  author = {Buhler, Douglas D. and Hartzler, Robert G.},
  year = {2001},
  journal = {Weed Science},
  volume = {49},
  number = {2},
  pages = {230--235},
  issn = {0043-1745, 1550-2759},
  doi = {10/dmnt6f}
}

@article{buhlerImplicationsWeedSeedbank1997,
  title = {Implications of Weed Seedbank Dynamics to Weed Management},
  author = {Buhler, Douglas D. and Hartzler, Robert G. and Forcella, Frank},
  year = {1997},
  journal = {Weed Science},
  volume = {45},
  number = {3},
  pages = {329--336},
  issn = {0043-1745},
  keywords = {��No DOI found}
}

@misc{buhlerRelativeEmergenceSequence2008,
  title = {Relative Emergence Sequence for Weeds of Corn and Soybeans},
  author = {Buhler, Douglas D. and Hartzler, Robert G. and Forcella, Frank and Gunsolus, Jeffrey},
  year = {2008},
  publisher = {{Iowa State University, University Extension}}
}

@misc{buurenMiceMultivariateImputation2021,
  title = {Mice: Multivariate Imputation by Chained Equations},
  shorttitle = {Mice},
  author = {van Buuren, Stef and {Groothuis-Oudshoorn}, Karin and Vink, Gerko and Schouten, Rianne and Robitzsch, Alexander and Rockenschaub, Patrick and Doove, Lisa and Jolani, Shahab and {Moreno-Betancur}, Margarita and White, Ian and Gaffert, Philipp and Meinfelder, Florian and Gray, Bernie and {Arel-Bundock}, Vincent and Cai, Mingyang and Volker, Thom and Costantini, Edoardo and van Lissa, Caspar},
  year = {2021},
  month = nov,
  copyright = {GPL-2 | GPL-3}
}

@misc{cantyBootBootstrapFunctions2021,
  title = {Boot: {{Bootstrap}} Functions ({{Originally}} by {{Angelo Canty}} for {{S}})},
  shorttitle = {Boot},
  author = {Canty, Angelo and Ripley, Brian},
  year = {2021},
  month = may,
  copyright = {Unlimited}
}

@article{cordeauLegacyEffectsContrasting2022,
  title = {Legacy {{Effects}} of {{Contrasting Long-Term Integrated Weed Management Systems}}},
  author = {Cordeau, St{\'e}phane and Baudron, Auxence and Busset, Hugues and Farcy, Pascal and Vieren, Eric and Smith, Richard G. and {Munier-Jolain}, Nicolas and Adeux, Guillaume},
  year = {2022},
  month = jan,
  journal = {Front. Agron.},
  volume = {3},
  pages = {769992},
  issn = {2673-3218},
  doi = {10/gpsrmm}
}

@article{costeaBiologyInvasiveAlien2005,
  title = {The Biology of Invasive Alien Plants in {{Canada}}. 3. {{{\emph{Amaranthus tuberculatus }}}} ({{Moq}}.) {{Sauer}} Var. {{{\emph{rudis}}}} ({{Sauer}}) {{Costea}} \& {{Tardif}}},
  author = {Costea, Mihai and Weaver, Susan E and Tardif, Fran{\c c}ois J.},
  year = {2005},
  month = apr,
  journal = {Can. J. Plant Sci.},
  volume = {85},
  number = {2},
  pages = {507--522},
  issn = {0008-4220},
  doi = {10/b75t54}
}

@incollection{crawleyProportionData2013,
  title = {Proportion Data},
  shorttitle = {Chapter 16},
  booktitle = {The {{R Book}}},
  author = {Crawley, Michael J.},
  year = {2013},
  edition = {Second},
  pages = {628--649},
  publisher = {{Wiley}},
  address = {{West Sussex, United Kingdom}},
  isbn = {978-0-470-97392-9}
}

@article{davisCroppingSystemEffects2003,
  title = {Cropping System Effects on Giant Foxtail ({{{\emph{Setaria faberi}}}}) Demography: {{I}}. {{Green}} Manure and Tillage Timing},
  shorttitle = {Cropping System Effects on Giant Foxtail ({{Setaria}} Faberi) Demography},
  author = {Davis, Adam S. and Liebman, Matt},
  year = {2003},
  month = dec,
  journal = {Weed Science},
  volume = {51},
  number = {6},
  pages = {919--929},
  issn = {0043-1745, 1550-2759},
  doi = {10/bxq7q8},
  keywords = {allelopathy,arthropod activity-density,corn,dormancy,fecundity,Giant foxtail,Glycine max (L.) Merr. ‘IA 2039’,integrated weed management,postdispersal seed predation,red clover,seedbank dynamics,seedling recruitment,Setaria faberi Herrm. SETFA,Soil organic amendments,soybean,spring wheat,Trifolium pratense L. ‘Cherokee’,Triticum aestivum L. ‘Sharp’,Zea mays L. ‘Pioneer 3512’}
}

@article{davisIncreasingCroppingSystem2012,
  title = {Increasing Cropping System Diversity Balances Productivity, Profitability and Environmental Health},
  author = {Davis, Adam S. and Hill, Jason D. and Chase, Craig A. and Johanns, Ann M. and Liebman, Matt},
  year = {2012},
  month = oct,
  journal = {PLOS ONE},
  volume = {7},
  number = {10},
  pages = {e47149},
  issn = {1932-6203},
  doi = {10/f39nr2},
  keywords = {Biodiversity,Cereal crops,Crops,Fertilizers,Herbicides,Maize,Soybean,Weeds}
}

@article{davisWeedSeedPools2008,
  title = {Weed Seed Pools Concurrent with Corn and Soybean Harvest in {{Illinois}}},
  author = {Davis, Adam S.},
  year = {2008},
  month = aug,
  journal = {Weed Science},
  volume = {56},
  number = {4},
  pages = {503--508},
  issn = {0043-1745, 1550-2759},
  doi = {10/bmncpf},
  keywords = {(L.) Jacq. IPOHE,(L.) Merr,/span\&gt,\&gt,\&lt,Abutilon theophrasti\&lt,Amaranthus retroflexus\&lt,Amaranthus rudis\&lt,Common cocklebur,common waterhemp,community structure,corn,giant foxtail,Glycine max\&lt,Herrm. SETFA,Ipomoea hederacea\&lt,italic\&\#39,ivyleaf morningglory,L,L. AMARE,L. SIDSP,L. XANST,Medik. ABUTH,prickly sida,redroot pigweed,risk analysis,Sauer AMATA,seed bank replenishment,Seed rain,Setaria faberi\&lt,Sida spinosa\&lt,soybean,span class=\&\#39,velvetleaf,Xanthium strumarium\&lt,Zea mays\&lt}
}

@inproceedings{dixonShouldBlocksBe2016,
  title = {Should Blocks Be Fixed or Random?},
  booktitle = {Conference on {{Applied Statistics}} in {{Agriculture}}},
  author = {Dixon, Philip},
  year = {2016},
  publisher = {{New Prairie Press}},
  address = {{Manhattan, Kansas}},
  doi = {10/gjggh8},
  langid = {english}
}

@article{dykeSuppressionCouchGrass1976,
  title = {Suppression of Couch Grass by {{Italian}} Ryegrass and Broad Red Clover Undersown in Barley and Field Beans},
  author = {Dyke, G. V. and Barnard, A. J.},
  year = {1976},
  month = aug,
  journal = {J. Agric. Sci.},
  volume = {87},
  number = {1},
  pages = {123--126},
  issn = {0021-8596, 1469-5146},
  doi = {10/dg8cjk}
}

@article{fieldComparativeAnalysesSexratio2013,
  ids = {fieldCOMPARATIVEANALYSESSEXRATIO2013},
  title = {Comparative Analyses of Sex-Ratio Variation in Dioecious Flowering Plants},
  author = {Field, David L. and Pickup, Melinda and Barrett, Spencer C. H.},
  year = {2013},
  month = mar,
  journal = {Evolution},
  volume = {67},
  number = {3},
  pages = {661--672},
  publisher = {{Society for the Study of Evolution}},
  issn = {1558-5646},
  doi = {10/f4qsnr},
  pmid = {23461317},
  keywords = {Flowers,Linear Models,Magnoliopsida,Phylogeny,Sex Ratio}
}

@article{gallandtEffectCovercroppingSystems2005,
  title = {Effect of Cover-Cropping Systems on Invertebrate Seed Predation},
  author = {Gallandt, Eric R. and Molloy, Thomas and Lynch, Ryan P. and Drummond, Francis A.},
  year = {2005},
  journal = {Weed Science},
  volume = {53},
  number = {1},
  pages = {69--76},
  issn = {0043-1745, 1550-2759},
  doi = {10/bj4v3z},
  keywords = {(DC.) L.C. Wheeler SINAR,(L.) Beauv. SETLU,(Raf.) Blake GASCI,/span\&gt,\&gt,\&lt,Abutilon theophrasti\&lt,Amaranthus retroflexus\&lt,Biological control,Brassica kaber\&lt,Carabidae,Chenopodium album\&lt,Common lambsquarters,Galinsoga ciliata\&lt,hairy galinsoga,Harpalus rufipes\&lt,invertebrates,italic\&\#39,L. AMARE,L. CHEAL,L. TRFPR,Medicus ABUTH,red clover,redroot pigweed,seed predation,seedbank dynamics,Setaria glauca\&lt,span class=\&\#39,Trifolium pratense\&lt,velvetleaf,wild mustard,yellow foxtail}
}

@misc{goodeGgResidpanelPanelsInteractive2019,
  title = {{{ggResidpanel}}: {{Panels}} and Interactive Versions of Diagnostic Plots Using 'Ggplot2'},
  shorttitle = {Ggresidpanel},
  author = {Goode, Katherine and Rey, Kathleen},
  year = {2019},
  month = may,
  copyright = {MIT + file LICENSE}
}

@article{grantCytogeneticStudiesAmaranthus1959,
  title = {Cytogenetic Studies in {{Amaranthus}}: {{I}}. {{Cytological}} Aspects of Sex Determination in Dioecious Species},
  shorttitle = {Cytogenetic {{Studies}} in {{Amaranthus}}},
  author = {Grant, William F.},
  year = {1959},
  month = may,
  journal = {Can. J. Bot.},
  volume = {37},
  number = {3},
  pages = {413--417},
  issn = {0008-4026},
  doi = {10/cvdprn}
}

@article{hagerCommonWaterhempAmaranthus2002a,
  title = {Common Waterhemp ({{{\emph{Amaranthus rudis}}}}) Interference in Soybean},
  author = {Hager, Aaron G. and Wax, Loyd M. and Stoller, Edward W. and Bollero, Germ{\'a}n A.},
  year = {2002},
  month = sep,
  journal = {Weed Science},
  volume = {50},
  number = {5},
  pages = {607--610},
  issn = {0043-1745, 1550-2759},
  doi = {10/fp5qsm}
}

@article{harburLightGrowthRate2004,
  title = {Light and Growth Rate Effects on Crop and Weed Responses to Nitrogen},
  author = {Harbur, Matthew M. and Owen, Micheal D. K.},
  year = {2004},
  month = aug,
  journal = {Weed Science},
  volume = {52},
  number = {4},
  pages = {578--583},
  issn = {0043-1745, 1550-2759},
  doi = {10/cnnw78},
  keywords = {(DC.) L. C. Wheeler SINAR,(Thunb.) Kunth ERBVI,/span\&gt,\&gt,\&lt,Abutilon theophrasti\&lt,Amaranthus rudis\&lt,Brassica kaber\&lt,Chenopodium album\&lt,Common lambsquarters,common waterhemp,corn,Eriochloa villosa\&lt,giant foxtail,Glycine max\&lt,Herrm. SETFA,italic\&\#39,L. CHEAL,L. GLYMX,Leaf area,Medicus ABUTH,relative growth rate,Sauer AMATA,seed weight,Setaria faberi\&lt,shading,soybean,span class=\&\#39,velvetleaf,wild mustard,woolly cupgrass,Zea mays\&lt,ZEAMA}
}

@article{hartzlerEffectCommonWaterhemp2004,
  title = {Effect of Common Waterhemp ({{{\emph{Amaranthus rudis}}}}) Emergence Date on Growth and Fecundity in Soybean},
  author = {Hartzler, Robert G. and Battles, Bruce A. and Nordby, Dawn},
  year = {2004},
  month = apr,
  journal = {Weed Science},
  volume = {52},
  number = {2},
  pages = {242--245},
  issn = {0043-1745, 1550-2759},
  doi = {10/cmhpxk},
  keywords = {Amaranthus rudis Sauer AMATA,AMATA,Common waterhemp,critical period,delayed emergence,fecundity,Glycine max (L.) Merr,soybean}
}

@misc{heapHerbicideResistantTall2021,
  title = {Herbicide Resistant Tall Waterhemp Globally ({{{\emph{Amaranthus tuberculatus }}}}(={{A}}. Rudis))},
  author = {Heap, Ian M.},
  year = {2021},
  journal = {The International Survey of Herbicide Resistant Weeds},
  copyright = {Copyright \textcopyright{} 1993- 2021 WeedScience.org All rights reserved. Fair use of this material is encouraged. Proper citation is requested.},
  howpublished = {http://www.weedscience.org/Summary/Species.aspx}
}

@article{heggenstallerSeasonalPatternsPostdispersal2006,
  title = {Seasonal Patterns in Post-Dispersal Seed Predation of {{Abutilon}} Theophrasti and {{Setaria}} Faberi in Three Cropping Systems},
  author = {Heggenstaller, Andrew H. and Menalled, Fabian D. and Liebman, Matt and Westerman, Paula R.},
  year = {2006},
  journal = {Journal of Applied Ecology},
  volume = {43},
  number = {5},
  pages = {999--1010},
  issn = {1365-2664},
  doi = {10/bk6ccs},
  keywords = {crop phenology,crop rotation,ecological weed management,habitat quality,vegetative cover,weed seed predation}
}

@article{heneghanGrowthDevelopmentFive2017,
  title = {The Growth and Development of Five Waterhemp ({{{\emph{Amaranthus tuberculatus}}}}) Populations in a Common Garden},
  author = {Heneghan, Joseph M. and Johnson, William G.},
  year = {2017},
  month = mar,
  journal = {Weed Science},
  volume = {65},
  number = {2},
  pages = {247--255},
  issn = {1550-2759},
  doi = {10/f93hz9}
}

@article{horakGrowthAnalysisFour2000,
  title = {Growth Analysis of Four {{Amaranthus}} Species},
  author = {Horak, Michael J. and Loughin, Thomas M.},
  year = {2000},
  journal = {Weed Science},
  volume = {48},
  number = {3},
  pages = {347--355},
  issn = {0043-1745},
  doi = {10/dfvnmm}
}

@article{huarteUnderstandingMechanismsReduced2003,
  title = {Understanding Mechanisms of Reduced Annual Weed Emergence in Alfalfa},
  author = {Huarte, H. R. and Arnold, R. L. Benech},
  year = {2003},
  month = dec,
  journal = {Weed Science},
  volume = {51},
  number = {6},
  pages = {876--885},
  issn = {0043-1745, 1550-2759},
  doi = {10/fd3d6g},
  keywords = {‘Zeneca 990’,(Savi) Ten. CIRVU,/span\&gt,\&gt,\&lt,alfalfa,Amaranthus quitensis\&lt,Brassica campestris\&lt,Bull thistle,Carduus acanthoides\&lt,Cirsium vulgare\&lt,cotton thistle,Cultural weed control,curly dock,H.B.K. AMAQU,integrated weed management systems,italic\&\#39,L. BRSRA,L. CRUAC,L. ONRAC,L. RUMCR,L. SSYAL,L.‘Zeneca 420’,Medicago sativa\&lt,mustard,Onopordum acanthium\&lt,pigweed,plumeless thistle,Rumex crispus\&lt,Sisymbrium altíssimum\&lt,span class=\&\#39,tall rocket,weed germination}
}

@article{huntFossilEnergyUse2020,
  title = {Fossil Energy Use, Climate Change Impacts, and Air Quality-Related Human Health Damages of Conventional and Diversified Cropping Systems in {{Iowa}}, {{USA}}},
  author = {Hunt, Natalie D. and Liebman, Matt and Thakrar, Sumil K. and Hill, Jason D.},
  year = {2020},
  month = sep,
  journal = {Environ. Sci. Technol.},
  volume = {54},
  number = {18},
  pages = {11002--11014},
  publisher = {{American Chemical Society}},
  issn = {0013-936X},
  doi = {10/gkc28b}
}

@article{johnsonInfluenceGlyphosateresistantCropping2009,
  title = {Influence of Glyphosate-Resistant Cropping Systems on Weed Species Shifts and Glyphosate-Resistant Weed Populations},
  author = {Johnson, William G. and Davis, Vince M. and Kruger, Greg R. and Weller, Stephen C.},
  year = {2009},
  month = oct,
  journal = {European Journal of Agronomy},
  series = {Glyphosate {{Interactions}} with {{Physiology}}, {{Nutrition}}, and {{Diseases}} of {{Plants}}: {{Threat}} to {{Agricultural Sustainability}}?},
  volume = {31},
  number = {3},
  pages = {162--172},
  issn = {1161-0301},
  doi = {10/dxmb34},
  keywords = {Glyphosate,Glyphosate-resistant weeds,Herbicide-resistant weeds,Weed specie shifts}
}

@article{juvanySexrelatedDifferencesStress2015,
  title = {Sex-Related Differences in Stress Tolerance in Dioecious Plants: A Critical Appraisal in a Physiological Context},
  shorttitle = {Sex-Related Differences in Stress Tolerance in Dioecious Plants},
  author = {Juvany, Marta and {Munn{\'e}-Bosch}, Sergi},
  year = {2015},
  month = oct,
  journal = {EXBOTJ},
  volume = {66},
  number = {20},
  pages = {6083--6092},
  issn = {0022-0957, 1460-2431},
  doi = {10/f73m7x}
}

@article{korresPalmerAmaranthAmaranthus2017,
  title = {Palmer Amaranth ({{{\emph{Amaranthus palmeri}}}}) Demographic and Biological Characteristics in Wide-Row Soybean},
  author = {Korres, Nicholas E. and Norsworthy, Jason K.},
  year = {2017},
  month = jul,
  journal = {Weed Science},
  volume = {65},
  number = {4},
  pages = {491--503},
  issn = {1550-2759},
  doi = {10/gbshrk},
  keywords = {Amaranthus palmeri S. Wats.,Cluster analysis,cohort analysis,fecundity,flowering,Glycine max (L.) Merr,life table analysis,male-to-female sex ratio,Palmer amaranth,phenology,soybean,weed population dynamics}
}

@article{laniniFightWeedsIncrease1992,
  title = {Fight Weeds and Increase Forage: {{Using}} Oats as a Companion Crop in Establishing Alfalfa},
  shorttitle = {Fight {{Weeds}} and {{Increase Forage}}},
  author = {Lanini, W. Thomas and Orloff, Steve B. and Vargas, Ronald N. and Orr, Jack P.},
  year = {1992},
  month = jul,
  journal = {California Agriculture},
  volume = {46},
  number = {4},
  pages = {25--27},
  issn = {0008-0845},
  doi = {10/ghknp2}
}

@misc{lenthEmmeansEstimatedMarginal2021,
  title = {Emmeans: {{Estimated}} Marginal Means, Aka Least-Squares Means},
  shorttitle = {Emmeans},
  author = {Lenth, Russell V. and Buerkner, Paul and Herve, Maxime and Love, Jonathon and Riebl, Hannes and Singmann, Henrik},
  year = {2021},
  month = nov,
  copyright = {GPL-2 | GPL-3}
}

@article{liebmanCroppingSystemRedesign2020,
  title = {Cropping System Redesign for Improved Weed Management: {{A}} Modeling Approach Illustrated with Giant Ragweed ({{{\emph{Ambrosia}}}}{\emph{ Trifida}})},
  shorttitle = {Cropping {{System Redesign}} for {{Improved Weed Management}}},
  author = {Liebman, Matt and Nichols, Virginia A.},
  year = {2020},
  month = feb,
  journal = {Agronomy},
  volume = {10},
  number = {2},
  pages = {262},
  publisher = {{Multidisciplinary Digital Publishing Institute}},
  doi = {10/ggrj25},
  copyright = {http://creativecommons.org/licenses/by/3.0/}
}

@article{liebmanCropRotationIntercropping1993,
  title = {Crop Rotation and Intercropping Strategies for Weed Management},
  author = {Liebman, Matt and Dyck, Elizabeth},
  year = {1993},
  month = feb,
  journal = {Ecol Appl},
  volume = {3},
  number = {1},
  pages = {92--122},
  issn = {1051-0761},
  doi = {10/db45cm},
  pmid = {27759234}
}

@article{liebmanFatesSetariaFaberi2014,
  ids = {liebmanFatesSetariaFaberi2014a},
  title = {Fates of {{{\emph{Setaria faberi}}}} and {{{\emph{Abutilon theophrasti}}}} Seeds in Three Crop Rotation Systems},
  author = {Liebman, Matt and Miller, Z. J. and Williams, C. L. and Westerman, P. R. and Dixon, P. M. and Heggenstaller, A. and Davis, A. S. and Menalled, F. D. and Sundberg, D. N.},
  year = {2014},
  month = jun,
  journal = {Weed Research},
  volume = {54},
  number = {3},
  pages = {293--306},
  issn = {1365-3180},
  doi = {10/f5zjjc},
  copyright = {\textcopyright{} 2014 European Weed Research Society},
  keywords = {crop rotation,giant foxtail,seed mortality,seedbank dynamics,seedling emergence,velvet leaf,weeds}
}

@incollection{liebmanManyLittleHammers1997,
  title = {Many Little Hammers: {{Ecological}} Management of Crop-Weed Interactions},
  shorttitle = {9 - {{Many Little Hammers}}},
  booktitle = {Ecology in {{Agriculture}}},
  author = {Liebman, Matt and Gallandt, Eric R.},
  editor = {Jackson, Louise E.},
  year = {1997},
  series = {Physiological {{Ecology}}},
  pages = {291--343},
  publisher = {{Academic Press}},
  doi = {10.1016/B978-012378260-1/50010-5},
  isbn = {978-0-12-378260-1}
}

@incollection{liebmanSustainableWeedManagement1990,
  title = {Sustainable Weed Management Practices},
  booktitle = {Sustainable Agriculture in Temperate Zones},
  author = {Liebman, Matt and Janke, Rhonda R.},
  editor = {Francis, Charles A. and Flora, Cornelia Butler and King, Larry D.},
  year = {1990},
  pages = {111--143},
  publisher = {{John Wiley \& Sons}},
  address = {{New York, NY}},
  isbn = {0-471-62227-3}
}

@article{liebmanWeedSeedbankDiversity2021,
  title = {Weed Seedbank Diversity and Sustainability Indicators for Simple and More Diverse Cropping Systems},
  author = {Liebman, Matt and Nguyen, Huong T. X. and Woods, Matthew M. and Hunt, Natalie D. and Hill, Jason D.},
  editor = {Storkey, Jonathan},
  year = {2021},
  month = jun,
  journal = {Weed Res},
  volume = {61},
  number = {3},
  pages = {164--177},
  issn = {0043-1737, 1365-3180},
  doi = {10/ghz5bj},
  langid = {english}
}

@article{maclarenEcologicalFutureWeed2020,
  title = {An Ecological Future for Weed Science to Sustain Crop Production and the Environment. {{A}} Review},
  author = {MacLaren, Chloe and Storkey, Jonathan and Menegat, Alexander and Metcalfe, Helen and {Dehnen-Schmutz}, Katharina},
  year = {2020},
  month = aug,
  journal = {Agron. Sustain. Dev.},
  volume = {40},
  number = {4},
  pages = {24},
  issn = {1774-0746, 1773-0155},
  doi = {10/gh28rg}
}

@article{martinEffectCropRotation1993,
  title = {Effect of Crop Rotation, Tillage Practice, and Herbicides on the Population Dynamics of Wild Oats in Wheat.},
  author = {Martin, R. J. and Felton, W. L.},
  year = {1993},
  journal = {Australian Journal of Experimental Agriculture},
  volume = {33},
  number = {2},
  pages = {159--165},
  issn = {0816-1089}
}

@article{menalledImpactCompostedSwine2004,
  title = {Impact of Composted Swine Manure and Tillage on Common Waterhemp ({{{\emph{Amaranthus}}}}{\emph{ Rudis}}) Competition with Soybean},
  author = {Menalled, Fabi{\'a}n D. and Liebman, Matt and Buhler, Douglas D.},
  year = {2004},
  month = aug,
  journal = {Weed Science},
  volume = {52},
  number = {4},
  pages = {605--613},
  issn = {0043-1745, 1550-2759},
  doi = {10/dp4572},
  keywords = {Amaranthus rudis Sauer AMATA,Common waterhemp,Compost,crop–weed competition,fecundity,Glycine max (L.) Merr,soybean,tillage regime}
}

@techreport{mesgaranSexLabilityDimorphism2019,
  type = {Preprint},
  title = {Sex Lability and Dimorphism in Dioecious {{Palmer}} Amaranth ({{{\emph{Amaranthus}}}}{\emph{ Palmeri}})},
  author = {Mesgaran, Mohsen B. and Matzrafi, Maor and Ohadi, Sara},
  year = {2019},
  month = sep,
  institution = {{Plant Biology}},
  doi = {10.1101/769935}
}

@article{millerAllelopathyForageCrop1996,
  title = {Allelopathy in Forage Crop Systems},
  author = {Miller, Darrell A.},
  year = {1996},
  month = nov,
  journal = {Agron.j.},
  volume = {88},
  number = {6},
  pages = {854--859},
  issn = {0002-1962, 1435-0645},
  doi = {10/d3t7wn}
}

@article{montgomeryMaleSpecificChromosomal2021,
  title = {Male-specific {{Y}}-chromosomal Regions in Waterhemp ({{{\emph{Amaranthus}}}}{\emph{ Tuberculatus}}) and {{Palmer}} Amaranth ({{{\emph{Amaranthus}}}}{\emph{ Palmeri}})},
  author = {Montgomery, Jacob S. and Giacomini, Darci A. and Weigel, Detlef and Tranel, Patrick J.},
  year = {2021},
  month = mar,
  journal = {New Phytol},
  volume = {229},
  number = {6},
  pages = {3522--3533},
  issn = {0028-646X, 1469-8137},
  doi = {10/gjpz5c}
}

@misc{nguyenDataImpactCropping2022,
  title = {Data for: {{Impact}} of Cropping System Diversification on Vegetative and Reproductive Characteristics of Waterhemp ({{{\emph{A. tuberculatus}}}})},
  author = {Nguyen, Huong T. X. and Liebman, Matt},
  year = {2022},
  publisher = {{Iowa State University, Data Share}},
  copyright = {CC BY 4.0}
}

@article{nguyenModelCheckingMultiple2017,
  title = {Model Checking in Multiple Imputation: {{An}} Overview and Case Study},
  shorttitle = {Model Checking in Multiple Imputation},
  author = {Nguyen, Cattram D. and Carlin, John B. and Lee, Katherine J.},
  year = {2017},
  month = aug,
  journal = {Emerging Themes in Epidemiology},
  volume = {14},
  number = {1},
  pages = {8},
  issn = {1742-7622},
  doi = {10/gf5jh4},
  keywords = {Cross-validation,Diagnostics,Missing data,Model checking,Multiple imputation,Posterior predictive checking}
}

@article{nguyenWeedCommunityComposition2022,
  title = {Weed Community Composition in Simple and More Diverse Cropping Systems},
  author = {Nguyen, Huong T. X. and Liebman, Matt},
  year = {2022},
  journal = {Front. Agron.},
  doi = {10/gpsrmk}
}

@article{nordbyInfluenceCornCommon2004,
  title = {Influence of Corn on Common Waterhemp ({{{\emph{Amaranthus rudis}}}}) Growth and Fecundity},
  author = {Nordby, Dawn E. and Hartzler, Robert G.},
  year = {2004},
  month = apr,
  journal = {Weed Science},
  volume = {52},
  number = {2},
  pages = {255--259},
  issn = {0043-1745, 1550-2759},
  doi = {10.1614/WS-03-060R}
}

@article{payneDesignAnalysisLong2015,
  title = {The Design and Analysis of Long-term Rotation Experiments},
  author = {Payne, Roger William},
  year = {2015},
  month = mar,
  journal = {Agronomy Journal},
  volume = {107},
  number = {2},
  pages = {772--785},
  issn = {00021962},
  doi = {10/f673ct}
}

@misc{pinheroNlmeLinearNonlinear2021,
  title = {Nlme: {{Linear}} and Nonlinear Mixed Effects Models},
  shorttitle = {Nlme},
  author = {Pinhero, Jos{\'e} and Bates, Douglas and Debroy, Saikat and Sarkar, Deepayan and Heisterkamp, Siem and Van Willigen, Bert and Ranke, Johannes and {R-core}},
  year = {2021},
  month = feb,
  copyright = {GPL-2 | GPL-3 | file LICENCE [expanded from: GPL ({$\geq$} 2) | file LICENCE]}
}

@article{prattAmaranthusRudisTuberculatus2001,
  title = {{{{\emph{ Amaranthus rudis}}}} and {{{\emph{A. tuberculatus}}}}, {{One}} Species or Two?},
  author = {Pratt, Donald B. and Clark, Lynn G.},
  year = {2001},
  journal = {The Journal of the Torrey Botanical Society},
  volume = {128},
  number = {3},
  pages = {282--296},
  publisher = {{Torrey Botanical Society}},
  issn = {1095-5674},
  doi = {10/drxbzj}
}

@article{princeBenchmarkStudyIV2012,
  title = {Benchmark Study: {{IV}}. {{Survey}} of Grower Practices for Managing Glyphosate-Resistant Weed Populations},
  shorttitle = {Benchmark {{Study}}},
  author = {Prince, Joby M. and Shaw, David R. and Givens, Wade A. and Owen, Micheal D. K. and Weller, Stephen C. and Young, Bryan G. and Wilson, Robert G. and Jordan, David L.},
  year = {2012},
  month = sep,
  journal = {Weed Technology},
  volume = {26},
  number = {3},
  pages = {543--548},
  issn = {0890-037X, 1550-2740},
  doi = {10/f37vn9}
}

@misc{rdevelopmentcoreteamLanguageEnvironmentStatistical2022,
  title = {R: {{A}} Language and Environment for Statistical Computing},
  author = {{R Development Core Team}},
  year = {2022},
  month = apr,
  address = {{Vienna, Austria}},
  howpublished = {R Foundation for Statistical Computing},
  isbn = {3-900051-07-0}
}

@techreport{samsonChoiceManagementCover1990,
  type = {Final Report},
  title = {Choice and Management of Cover Crop Species and Varieties for Use in Row Crop Dominant Rotations},
  author = {Samson, Roger and Foulds, Chantal and Patriquin, David},
  year = {1990},
  pages = {100},
  institution = {{University of Guelph}}
}

@misc{schonbeckEcologicalUnderstandingWeeds2020,
  title = {{An ecological understanding of weeds}},
  author = {Schonbeck, Mark},
  year = {2020},
  month = jan,
  journal = {eOrganic},
  langid = {English (US)}
}

@article{singhAllelopathicInteractionsAllelochemicals2003,
  title = {Allelopathic Interactions and Allelochemicals: New Possibilities for Sustainable Weed Management},
  shorttitle = {Allelopathic {{Interactions}} and {{Allelochemicals}}},
  author = {Singh, H. P. and Batish, Daizy R. and Kohli, R.K.},
  year = {2003},
  month = may,
  journal = {Critical Reviews in Plant Sciences},
  volume = {22},
  number = {3-4},
  pages = {239--311},
  issn = {0735-2689, 1549-7836},
  doi = {10/cns78q}
}

@article{steckelCommonWaterhempAmaranthus2004,
  title = {Common Waterhemp ({{{\emph{Amaranthus rudis}}}}) Interference in Corn},
  author = {Steckel, Lawrence E. and Sprague, Christy L.},
  year = {2004},
  month = may,
  journal = {wees},
  volume = {52},
  number = {3},
  pages = {359--364},
  issn = {0043-1745, 1550-2759},
  doi = {10/frc847}
}

@article{tranelHerbicideResistanceAmaranthus2021,
  title = {Herbicide Resistance in {{{\emph{Amaranthus tuberculatus}}}}},
  shorttitle = {Herbicide Resistance In},
  author = {Tranel, Patrick J},
  year = {2021},
  month = jan,
  journal = {Pest Manag Sci},
  volume = {77},
  number = {1},
  pages = {43--54},
  issn = {1526-498X, 1526-4998},
  doi = {10/gjpz5w},
  langid = {english}
}

@book{uvaWeedsNortheast1997,
  title = {Weeds of the {{Northeast}}},
  author = {Uva, Richard H. and Neal, Joseph C. and Ditomaso, Joseph M.},
  year = {1997},
  month = may,
  publisher = {{Cornell University Press}},
  address = {{Ithaca, NY}},
  isbn = {978-0-8014-8334-9}
}

@book{vanbuurenFlexibleImputationMissing2018,
  title = {{Flexible imputation of missing data}},
  author = {{van Buuren}, Stef},
  year = {2018},
  series = {{Chapman and Hall/CRC interdisciplinary statistics series}},
  edition = {Second edition},
  publisher = {{CRC Press, Taylor \& Francis Group}},
  address = {{Boca Raton}},
  isbn = {978-1-138-58831-8},
  langid = {English (United States), en-US},
  lccn = {QA278 .B88 2018}
}

@article{vanbuurenMiceMultivariateImputation2011,
  title = {{\textbf{Mice}} : {{Multivariate}} Imputation by Chained Equations in {{{\emph{R}}}}},
  shorttitle = {{\textbf{Mice}}},
  author = {{van Buuren}, Stef and {Groothuis-Oudshoorn}, Karin},
  year = {2011},
  journal = {J. Stat. Soft.},
  volume = {45},
  number = {3},
  issn = {1548-7660},
  doi = {10/gbw279}
}

@article{vanderlaatPostdispersalWeedSeed2015,
  title = {Postdispersal Weed Seed Predation and Invertebrate Activity Density in Three Tillage Regimes},
  author = {{van der Laat}, Rocio and Owen, Micheal D. K. and Liebman, Matt and Leon, Ramon G.},
  year = {2015},
  journal = {Weed Science},
  volume = {63},
  number = {4},
  pages = {828--838},
  issn = {0043-1745, 1550-2759},
  doi = {10/gddc93},
  keywords = {(L.) Merr.,(Moq.) Sauer.,/span\&gt,\&gt,\&lt,Abutilon theophrasti\&lt,Amaranthus tuberculatus\&lt,Biological control,Chenopodium album\&lt,Common lambsquarters,common waterhemp,corn,field crickets,giant foxtail,Glycine max\&lt,ground beetles,Herrm.,integrated weed management,italic\&\#39,L.,Medik.,seedbank,Setaria faberi\&lt,soybean,span class=\&\#39,velvetleaf,Zea mays\&lt}
}

@article{weisbergerDoesDiversifyingCrop2019,
  title = {Does Diversifying Crop Rotations Suppress Weeds? {{A}} Meta-Analysis},
  shorttitle = {Does Diversifying Crop Rotations Suppress Weeds?},
  author = {Weisberger, David and Nichols, Virginia and Liebman, Matt},
  editor = {Sainju, Upendra M.},
  year = {2019},
  month = jul,
  journal = {PLoS ONE},
  volume = {14},
  number = {7},
  pages = {e0219847},
  issn = {1932-6203},
  doi = {10/gh28qh}
}

@article{westermanAreManyLittle2005,
  title = {Are Many Little Hammers Effective? {{Velvetleaf}} ({{{\emph{ Abutilon theophrasti}}}}) Population Dynamics in Two- and Four-Year Crop Rotation Systems},
  shorttitle = {Are Many Little Hammers Effective?},
  author = {Westerman, Paula R. and Liebman, Matt and Menalled, Fabi{\'a}n D. and Heggenstaller, Andrew H. and Hartzler, Robert G. and Dixon, Philip M.},
  year = {2005},
  month = jun,
  journal = {Weed Science},
  volume = {53},
  number = {3},
  pages = {382--392},
  issn = {0043-1745, 1550-2759},
  doi = {10/bgc2x2},
  keywords = {Abutilon theophrasti Medicus ABUTH,alfalfa,corn,Crop rotation,Glycine max (L.) Merr.,matrix population models,Medicago sativa L.,seed predation,soybean,triticale,Triticosecale spp.,Velvetleaf,weed population dynamics,Zea mays L.}
}

@article{whiteMultipleImputationUsing2011,
  title = {Multiple Imputation Using Chained Equations: {{Issues}} and Guidance for Practice},
  shorttitle = {Multiple Imputation Using Chained Equations},
  author = {White, Ian R. and Royston, Patrick and Wood, Angela M.},
  year = {2011},
  month = feb,
  journal = {Stat Med},
  volume = {30},
  number = {4},
  pages = {377--399},
  issn = {1097-0258},
  doi = {10/cmwhtz},
  pmid = {21225900},
  keywords = {Adolescent,Adult,Aged,Cardiovascular Diseases,Cholesterol,Female,Humans,Lipoproteins; HDL,Mental Health,Middle Aged,Models; Statistical,Multicenter Studies as Topic,Young Adult}
}

@misc{wickhamGgplot2CreateElegant2021,
  title = {Ggplot2: {{Create}} Elegant Data Visualisations Using the Grammar of Graphics},
  shorttitle = {Ggplot2},
  author = {Wickham, Hadley and Chang, Winston and Henry, Lionel and Pedersen, Thomas Lin and Takahashi, Kohske and Wilke, Claus and Woo, Kara and Yutani, Hiroaki and Dunnington, Dewey and {RStudio}},
  year = {2021},
  month = jun,
  copyright = {MIT + file LICENSE}
}

@misc{wickhamTidyverseEasilyInstall2021,
  title = {Tidyverse: {{Easily}} Install and Load the 'Tidyverse'},
  shorttitle = {Tidyverse},
  author = {Wickham, Hadley and {RStudio}},
  year = {2021},
  month = apr,
  copyright = {MIT + file LICENSE}
}

@article{yangAnalysisCovarianceAgronomy2011,
  title = {Analysis of Covariance in Agronomy and Crop Research},
  author = {Yang, Rong-Cai and Juskiw, Patricia},
  year = {2011},
  month = jul,
  journal = {Can. J. Plant Sci.},
  volume = {91},
  number = {4},
  pages = {621--641},
  issn = {0008-4220, 1918-1833},
  doi = {10/ft84t7}
}

@misc{zhuKableExtraConstructComplex2021,
  title = {{{kableExtra}}: {{Construct}} Complex Table with 'kable' and Pipe Syntax},
  shorttitle = {{{kableExtra}}},
  author = {Zhu, Hao and Travison, Thomas and Tsai, Timothy and Beasley, Will and Xie, Yihui and Yu, GuangChuang and Laurent, St{\'e}phane and Shepherd, Rob and Sidi, Yoni and Salzer, Brian and Gui, George and Fan, Yeliang and Murdoch, Duncan and Evans, Bill},
  year = {2021},
  month = feb,
  copyright = {MIT + file LICENSE}
}


% ------------------------------------------------------------------------

@article{bagavathiannanPostdispersalLossImportant2013,
  title = {Postdispersal Loss of Important Arable Weed Seeds in the Midsouthern {{United States}}},
  author = {Bagavathiannan, Muthukumar V. and Norsworthy, Jason K.},
  year = {2013},
  month = dec,
  journal = {Weed Science},
  volume = {61},
  number = {4},
  pages = {570--579},
  issn = {0043-1745, 1550-2759},
  doi = {10/f5c394},
  langid = {english}
}

@article{borzaComparingEstimatesSeed2007,
  title = {Comparing Estimates of Seed Viability in Three Foxtail (Setaria) Species Using the Imbibed Seed Crush Test with and without Additional Tetrazolium Testing},
  author = {Borza, Jaclyn K. and Westerman, Paula R. and Liebman, Matt},
  year = {2007},
  month = apr,
  journal = {Weed Technology},
  volume = {21},
  number = {2},
  pages = {518--522},
  issn = {0890-037X},
  doi = {10/d8wnfq}
}

@article{buhlerEmergencePersistenceSeed2001,
  title = {Emergence and Persistence of Seed of Velvetleaf, Common Waterhemp, Woolly Cupgrass, and Giant Foxtail},
  author = {Buhler, Douglas D. and Hartzler, Robert G.},
  year = {2001},
  journal = {Weed Science},
  volume = {49},
  number = {2},
  pages = {230--235},
  issn = {0043-1745, 1550-2759},
  doi = {10/dmnt6f}
}

@article{buhlerWeedSeedBank2001,
  title = {Weed Seed Bank Dynamics during a Five-Year Crop Rotation},
  author = {Buhler, Douglas D. and Kohler, Keith A. and Thompson, Richard L.},
  year = {2001},
  journal = {Weed Technology},
  volume = {15},
  number = {1},
  pages = {170--176},
  issn = {0890-037X, 1550-2740},
  doi = {10/cj6ghv},
  langid = {english},
  keywords = {Amaranthus rudis Sauer \#3 AMATA,Avena sativa L.,Common waterhemp,corn,Cropping systems,foxtail species,Glycine max (L.) Merr,oat,ridge tillage,seed bank,seed distribution,Setaria spp,soybean,Zea mays L.}
}

@article{burnsideSeedLongevity411996,
  title = {Seed Longevity of 41 Weed Species Buried 17 Years in Eastern and Western {{Nebraska}}},
  author = {Burnside, Orvin C. and Wilson, Robert G. and Weisberg, Sanford and Hubbard, Kenneth G.},
  year = {1996},
  journal = {Weed Science},
  volume = {44},
  number = {1},
  pages = {74--86},
  issn = {0043-1745}
}

@book{caswellMatrixPopulationModels2001,
  title = {Matrix Population Models: Construction, Analysis, and Interpretation},
  author = {Caswell, Hal},
  year = {2001},
  edition = {Second},
  publisher = {{Sunderland, Mass. : Sinauer Associates}},
  address = {{Sunderland, Mass.}},
  isbn = {0-87893-096-5},
  langid = {english},
  keywords = {Matrices -- Data processing,Population biology -- Computer simulation}
}

@book{caswellSensitivityAnalysisMatrix2018,
  title = {Sensitivity Analysis: {{Matrix}} Methods in Demography and Ecology},
  shorttitle = {Sensitivity Analysis},
  author = {Caswell, Hal},
  year = {2018},
  publisher = {{Springer Berlin Heidelberg}},
  address = {{New York, NY}},
  isbn = {978-3-030-10533-4}
}

@article{caswellSensitivityAnalysisPeriodic1994,
  title = {Sensitivity Analysis of Periodic Matrix Models},
  author = {Caswell, Hal and Trevisan, Maria Cristina},
  year = {1994},
  journal = {Ecology},
  volume = {75},
  number = {5},
  pages = {1299--1303},
  issn = {1939-9170},
  doi = {10/cbjqq5},
  langid = {english}
}

@article{costeaBiologyInvasiveAlien2005,
  title = {The Biology of Invasive Alien Plants in {{Canada}}. 3. {{{\emph{Amaranthus tuberculatus }}}} ({{Moq}}.) {{Sauer}} Var. {{{\emph{rudis}}}} ({{Sauer}}) {{Costea}} \& {{Tardif}}},
  author = {Costea, Mihai and Weaver, Susan E and Tardif, Fran{\c c}ois J.},
  year = {2005},
  month = apr,
  journal = {Can. J. Plant Sci.},
  volume = {85},
  number = {2},
  pages = {507--522},
  issn = {0008-4220},
  doi = {10/b75t54}
}

@book{cousensDynamicsWeedPopulations1995,
  title = {Dynamics of Weed Populations},
  author = {Cousens, R. and Mortimer, M.},
  year = {1995},
  publisher = {{Cambridge University Press}},
  address = {{Cambridge}},
  doi = {10.1017/CBO9780511608629},
  isbn = {978-0-511-60862-9}
}

@article{cousensModelEffectsCultivation1990,
  title = {A Model of the Effects of Cultivation on the Vertical Distribution of Weed Seeds within the Soil},
  author = {Cousens, Roger and Moss, S. R.},
  year = {1990},
  month = feb,
  journal = {Weed Research},
  volume = {30},
  number = {1},
  pages = {61--70},
  issn = {1365-3180},
  doi = {10/d824tt},
  langid = {english}
}

@phdthesis{davisCroppingSystemEffects2002,
  type = {Doctor of {{Philosophy}}},
  title = {Cropping System Effects on Giant Foxtail Demography},
  author = {Davis, Adam S.},
  year = {2002},
  address = {{Ames}},
  doi = {10.31274/rtd-180814-161},
  school = {Iowa State University, Digital Repository}
}

@article{davisCroppingSystemEffects2003,
  title = {Cropping System Effects on Giant Foxtail ({{{\emph{Setaria faberi}}}}) Demography: {{I}}. {{Green}} Manure and Tillage Timing},
  shorttitle = {Cropping System Effects on Giant Foxtail ({{Setaria}} Faberi) Demography},
  author = {Davis, Adam S. and Liebman, Matt},
  year = {2003},
  month = dec,
  journal = {Weed Science},
  volume = {51},
  number = {6},
  pages = {919--929},
  issn = {0043-1745, 1550-2759},
  doi = {10/bxq7q8},
  keywords = {allelopathy,arthropod activity-density,corn,dormancy,fecundity,Giant foxtail,Glycine max (L.) Merr. ‘IA 2039’,integrated weed management,postdispersal seed predation,red clover,seedbank dynamics,seedling recruitment,Setaria faberi Herrm. SETFA,Soil organic amendments,soybean,spring wheat,Trifolium pratense L. ‘Cherokee’,Triticum aestivum L. ‘Sharp’,Zea mays L. ‘Pioneer 3512’}
}

@article{davisEnvironmentalFactorsAffecting2005,
  ids = {davisEnvironmentalFactorsAffecting2005a},
  title = {Environmental Factors Affecting Seed Persistence of Annual Weeds across the {{U}}.{{S}}. {{Corn Belt}}},
  author = {Davis, Adam S. and Cardina, John and Forcella, Frank and Johnson, Gregg A. and Kegode, George and Lindquist, John L. and Luschei, Edward C. and Renner, Karen A. and Sprague, Christy L. and Williams, Martin M.},
  year = {2005},
  month = dec,
  journal = {Weed Science},
  volume = {53},
  number = {6},
  pages = {860--868},
  publisher = {{[Cambridge University Press, Weed Science Society of America]}},
  issn = {0043-1745, 1550-2759},
  doi = {10/dmvcdf},
  langid = {english}
}

@article{davisInfluenceSeedDepth2007,
  title = {Influence of Seed Depth and Pathogens on Fatal Germination of Velvetleaf ({{Abutilon}} Theophrasti) and Giant Foxtail ({{Setaria}} Faberi)},
  author = {Davis, Adam S. and Renner, Karen A.},
  year = {2007},
  month = feb,
  journal = {Weed sci.},
  volume = {55},
  number = {1},
  pages = {30--35},
  issn = {0043-1745, 1550-2759},
  doi = {10/cdzbdn},
  langid = {english}
}

@article{davisWeedSeedbankCommunity2005,
  title = {Weed Seedbank and Community Shifts in a Long-Term Cropping Systems Experiment},
  author = {Davis, Adam S. and Renner, Karen A. and Gross, Katherine L.},
  year = {2005},
  month = jun,
  journal = {Weed Science},
  volume = {53},
  number = {3},
  pages = {296--306},
  issn = {0043-1745, 1550-2759},
  doi = {10/fkd3dj},
  langid = {english},
  keywords = {(L.) Merr. ‘Pioneer 9172’,(L.) Vill. STEME,/span\&gt,\&gt,\&lt,Amaranthus retroflexus\&lt,AMARE,Chenopodium album\&lt,Common chickweed,common lambsquarters,corn,Cropping systems,density,Digitaria sanguinalis\&lt,diversity,fall panicum,Glycine max\&lt,interference,italic\&\#39,L.,L. ‘Michigan Mammoth Red’,L. ‘Pioneer 2552’,L. ‘Pioneer 3573’,L. CHEAL,L. DIGSA,large crabgrass,Michx. PANDI,multivariate analysis,Panicum dichotomiflorum\&lt,red clover,redroot pigweed,richness,seedbank,soybean,span class=\&\#39,Stellaria media\&lt,Trifolium pratense\&lt,Triticum aestivum\&lt,weed community,wheat,Zea mays\&lt},
  file = {/Users/huongnguyen/Zotero/storage/VQW6UDSS/Davis et al. - 2005 - Weed seedbank and community shifts in a long-term .pdf}
}

@article{davisWeedSeedPools2008,
  title = {Weed Seed Pools Concurrent with Corn and Soybean Harvest in {{Illinois}}},
  author = {Davis, Adam S.},
  year = {2008},
  month = aug,
  journal = {Weed Science},
  volume = {56},
  number = {4},
  pages = {503--508},
  issn = {0043-1745, 1550-2759},
  doi = {10/bmncpf},
  keywords = {(L.) Jacq. IPOHE,(L.) Merr,/span\&gt,\&gt,\&lt,Abutilon theophrasti\&lt,Amaranthus retroflexus\&lt,Amaranthus rudis\&lt,Common cocklebur,common waterhemp,community structure,corn,giant foxtail,Glycine max\&lt,Herrm. SETFA,Ipomoea hederacea\&lt,italic\&\#39,ivyleaf morningglory,L,L. AMARE,L. SIDSP,L. XANST,Medik. ABUTH,prickly sida,redroot pigweed,risk analysis,Sauer AMATA,seed bank replenishment,Seed rain,Setaria faberi\&lt,Sida spinosa\&lt,soybean,span class=\&\#39,velvetleaf,Xanthium strumarium\&lt,Zea mays\&lt},
  file = {/Users/huongnguyen/Zotero/storage/VSP8UH7L/Davis - 2008 - Weed Seed Pools Concurrent with Corn and Soybean H.pdf}
}

@article{francaInfluenceFloodingPeriod2020,
  title = {Influence of Flooding Period and Seed Burial Depth on {{Palmer}} Amaranth ( {\textsc{ }}{{{\textsc{{\emph{Amaranthus}}}}}}{\textsc{{\emph{ Palmeri}}}}{\textsc{ }} ) Seed Germination},
  shorttitle = {Influence of Flooding Period and Seed Burial Depth on {{Palmer}} Amaranth (},
  author = {Franca, Lucas X and Dodds, Darrin M and Reynolds, Daniel B and Bond, Jason A and Mills, Anthony and Catchot, Angus L and Peterson, Daniel G},
  year = {2020},
  month = nov,
  journal = {Pest Manag Sci},
  volume = {76},
  number = {11},
  pages = {3832--3837},
  issn = {1526-498X, 1526-4998},
  doi = {10/gpsrmh},
  langid = {english}
}

@article{gallandtEffectCovercroppingSystems2005,
  title = {Effect of Cover-Cropping Systems on Invertebrate Seed Predation},
  author = {Gallandt, Eric R. and Molloy, Thomas and Lynch, Ryan P. and Drummond, Francis A.},
  year = {2005},
  journal = {Weed Science},
  volume = {53},
  number = {1},
  pages = {69--76},
  issn = {0043-1745, 1550-2759},
  doi = {10/bj4v3z},
  keywords = {(DC.) L.C. Wheeler SINAR,(L.) Beauv. SETLU,(Raf.) Blake GASCI,/span\&gt,\&gt,\&lt,Abutilon theophrasti\&lt,Amaranthus retroflexus\&lt,Biological control,Brassica kaber\&lt,Carabidae,Chenopodium album\&lt,Common lambsquarters,Galinsoga ciliata\&lt,hairy galinsoga,Harpalus rufipes\&lt,invertebrates,italic\&\#39,L. AMARE,L. CHEAL,L. TRFPR,Medicus ABUTH,red clover,redroot pigweed,seed predation,seedbank dynamics,Setaria glauca\&lt,span class=\&\#39,Trifolium pratense\&lt,velvetleaf,wild mustard,yellow foxtail},
  file = {/Users/huongnguyen/Zotero/storage/5YP63YC8/Gallandt et al. - 2005 - Effect of cover-cropping systems on invertebrate s.pdf}
}

@article{gibsonBenchmarkStudyGlyphosateresistant2016,
  title = {Benchmark Study on Glyphosate-Resistant Cropping Systems in the United States. {{Part}} 7: Effects of Weed Management Strategy (Grower Practices versus Academic Recommendations) on the Weed Soil Seedbank over 6 Years},
  shorttitle = {Benchmark Study on Glyphosate-Resistant Cropping Systems in the United States. Part 7},
  author = {Gibson, David J. and Young, Bryan G. and Owen, Micheal DK and Gage, Karla L. and Matthews, Joseph L. and Jordan, David L. and Shaw, David R. and Weller, Stephen C. and Wilson, Robert G.},
  year = {2016},
  month = apr,
  journal = {Pest Management Science},
  volume = {72},
  number = {4},
  pages = {692--700},
  issn = {1526-4998},
  doi = {10/f8t6nh},
  copyright = {\textcopyright{} 2015 Society of Chemical Industry},
  langid = {english},
  keywords = {corn,cotton,genetically engineered crops,genetically modified crops,herbicide-resistant weeds,herbicide-tolerant crops,maize,soybean,weed seedbank}
}

@article{hartzlerEffectCommonWaterhemp2004,
  title = {Effect of Common Waterhemp ({{{\emph{Amaranthus rudis}}}}) Emergence Date on Growth and Fecundity in Soybean},
  author = {Hartzler, Robert G. and Battles, Bruce A. and Nordby, Dawn},
  year = {2004},
  month = apr,
  journal = {Weed Science},
  volume = {52},
  number = {2},
  pages = {242--245},
  issn = {0043-1745, 1550-2759},
  doi = {10/cmhpxk},
  keywords = {Amaranthus rudis Sauer AMATA,AMATA,Common waterhemp,critical period,delayed emergence,fecundity,Glycine max (L.) Merr,soybean}
}

@article{heggenstallerSeasonalPatternsPostdispersal2006,
  title = {Seasonal Patterns in Post-Dispersal Seed Predation of {{Abutilon}} Theophrasti and {{Setaria}} Faberi in Three Cropping Systems},
  author = {Heggenstaller, Andrew H. and Menalled, Fabian D. and Liebman, Matt and Westerman, Paula R.},
  year = {2006},
  journal = {Journal of Applied Ecology},
  volume = {43},
  number = {5},
  pages = {999--1010},
  issn = {1365-2664},
  doi = {10/bk6ccs},
  keywords = {crop phenology,crop rotation,ecological weed management,habitat quality,vegetative cover,weed seed predation},
  file = {/Users/huongnguyen/Zotero/storage/KE7BW92M/Heggenstaller et al. - 2006 - Seasonal patterns in post-dispersal seed predation.pdf}
}

@article{heneghanGrowthDevelopmentFive2017,
  title = {The Growth and Development of Five Waterhemp ({{{\emph{Amaranthus tuberculatus}}}}) Populations in a Common Garden},
  author = {Heneghan, Joseph M. and Johnson, William G.},
  year = {2017},
  month = mar,
  journal = {Weed Science},
  volume = {65},
  number = {2},
  pages = {247--255},
  issn = {1550-2759},
  doi = {10/f93hz9}
}

@article{hulmeGlobalDriversHerbicide2022,
  title = {Global Drivers of Herbicide-resistant Weed Richness in Major Cereal Crops Worldwide},
  author = {Hulme, Philip E},
  year = {2022},
  journal = {Pest Management Science},
  pages = {ps.6800},
  issn = {1526-498X, 1526-4998},
  doi = {10/gpsrmg},
  langid = {english}
}

@article{johnsonInfluenceGlyphosateresistantCropping2009,
  title = {Influence of Glyphosate-Resistant Cropping Systems on Weed Species Shifts and Glyphosate-Resistant Weed Populations},
  author = {Johnson, William G. and Davis, Vince M. and Kruger, Greg R. and Weller, Stephen C.},
  year = {2009},
  month = oct,
  journal = {European Journal of Agronomy},
  series = {Glyphosate {{Interactions}} with {{Physiology}}, {{Nutrition}}, and {{Diseases}} of {{Plants}}: {{Threat}} to {{Agricultural Sustainability}}?},
  volume = {31},
  number = {3},
  pages = {162--172},
  issn = {1161-0301},
  doi = {10/dxmb34},
  keywords = {Glyphosate,Glyphosate-resistant weeds,Herbicide-resistant weeds,Weed specie shifts}
}

@article{korresSeedbankPersistencePalmer2018,
  title = {Seedbank Persistence of {{Palmer}} Amaranth ({{Amaranthus}} Palmeri) and Waterhemp ({{{\emph{Amaranthus}}}}{\emph{ Tuberculatus}})across Diverse Geographical Regions in the {{United States}}},
  author = {Korres, Nicholas E. and Norsworthy, Jason K. and Young, Bryan G. and Reynolds, Daniel B. and Johnson, William G. and Conley, Shawn P. and Smeda, Reid J. and Mueller, Thomas C. and Spaunhorst, Douglas J. and Gage, Karla L. and Loux, Mark and Kruger, Greg R. and Bagavathiannan, Muthukumar V.},
  year = {2018},
  month = jul,
  journal = {Weed Science},
  volume = {66},
  number = {4},
  pages = {446--456},
  issn = {1550-2759},
  doi = {10/gd2hgf},
  langid = {english},
  keywords = {Burial depth,Montana State University,Prashant Jha,seed longevity,seed viability,seedbank dynamics,soil temperature,tetrazolium test,volumetric water content}
}

@article{kurstjensPreciseTillageSystems2007,
  title = {Precise Tillage Systems for Enhanced Non-Chemical Weed Management},
  author = {Kurstjens, Dirk A. G.},
  year = {2007},
  month = dec,
  journal = {Soil and Tillage Research},
  volume = {97},
  number = {2},
  pages = {293--305},
  issn = {0167-1987},
  doi = {10/fb7t2n},
  keywords = {Controlled traffic,Cultural control,Integrated weed management,Mechanical weeding,Strip-tillage},
  file = {/Users/huongnguyen/Zotero/storage/Y4I8IAWW/Kurstjens - 2007 - Precise tillage systems for enhanced non-chemical .pdf}
}

@article{leslieUseMatricesCertain1945,
  title = {On the Use of Matrices in Certain Population Mathematics},
  author = {Leslie, P. H.},
  year = {1945},
  journal = {Biometrika},
  volume = {33},
  number = {3},
  pages = {183--212},
  issn = {0006-3444},
  doi = {10/bskdps}
}

@incollection{liebmanManyLittleHammers1997,
  title = {Many Little Hammers: {{Ecological}} Management of Crop-Weed Interactions},
  shorttitle = {9 - {{Many Little Hammers}}},
  booktitle = {Ecology in {{Agriculture}}},
  author = {Liebman, Matt and Gallandt, Eric R.},
  editor = {Jackson, Louise E.},
  year = {1997},
  series = {Physiological {{Ecology}}},
  pages = {291--343},
  publisher = {{Academic Press}},
  doi = {10.1016/B978-012378260-1/50010-5},
  isbn = {978-0-12-378260-1}
}

@article{liuPollenBiologyDispersal2012,
  title = {Pollen Biology and Dispersal Dynamics in Waterhemp ({{{\emph{Amaranthus}}}}{\emph{ Tuberculatus}})},
  author = {Liu, Jianyang and Davis, Adam S. and Tranel, Patrick J.},
  year = {2012},
  journal = {Weed Science},
  volume = {60},
  number = {3},
  pages = {416--422},
  issn = {0043-1745, 1550-2759},
  doi = {10/f35xbv},
  langid = {english},
  keywords = {Amaranthus tuberculatus (Moq.) Sauer var. rudis (Sauer) Costea and Tardif AMATU,Common waterhemp,Gene flow,herbicide resistance,pollen dispersal,pollen viability}
}

@article{menalledEffectsCompostedSwine2005,
  title = {Effects of Composted Swine Manure on Weed Seedbank},
  author = {Menalled, Fabi{\'a}n D. and Kohler, Keith A. and Buhler, Douglas D. and Liebman, Matt},
  year = {2005},
  month = dec,
  journal = {Agriculture, Ecosystems \& Environment},
  volume = {111},
  number = {1},
  pages = {63--69},
  issn = {0167-8809},
  doi = {10/c3x6zk}
}

@article{montgomeryMaleSpecificChromosomal2021,
  title = {Male-specific {{Y}}-chromosomal Regions in Waterhemp ({{{\emph{Amaranthus}}}}{\emph{ Tuberculatus}}) and {{Palmer}} Amaranth ({{{\emph{Amaranthus}}}}{\emph{ Palmeri}})},
  author = {Montgomery, Jacob S. and Giacomini, Darci A. and Weigel, Detlef and Tranel, Patrick J.},
  year = {2021},
  month = mar,
  journal = {New Phytol},
  volume = {229},
  number = {6},
  pages = {3522--3533},
  issn = {0028-646X, 1469-8137},
  doi = {10/gjpz5c}
}

@article{montgomerySexspecificMarkersWaterhemp2019,
  title = {Sex-Specific Markers for Waterhemp ({{{\emph{Amaranthus}}}}{\emph{ Tuberculatus}})  and {{Palmer}} Amaranth ({{{\emph{Amaranthus}}}}{\emph{ Palmeri}})},
  author = {Montgomery, Jacob S. and Sadeque, Ahmed and Giacomini, Darci A. and Brown, Patrick J. and Tranel, Patrick J.},
  year = {2019},
  journal = {Weed Science},
  volume = {67},
  number = {4},
  pages = {412--418},
  issn = {1550-2759},
  doi = {10/gf5pdq},
  langid = {english},
  keywords = {Dioecious,gender,North Carolina State University,Ramon G. Leon,restriction site–associated DNA sequencing,sex determination}
}

@article{nguyenImpactCroppingSystem2022,
  title = {Impact of Cropping System Diversification on Vegetative and Reproductive Characteristics of Waterhemp ({{{\emph{A. tuberculatus}}}})},
  author = {Nguyen, Huong T. X. and Liebman, Matt},
  year = {2022},
  journal = {Frontiers in Agronomy},
  volume = {4},
  issn = {2673-3218},
  doi = {10/gpsrmj}
}

@article{nguyenWeedCommunityComposition2022,
  title = {Weed Community Composition in Simple and More Diverse Cropping Systems},
  author = {Nguyen, Huong T. X. and Liebman, Matt},
  year = {2022},
  journal = {Front. Agron.},
  doi = {10/gpsrmk}
}

@article{nordbyInfluenceCornCommon2004,
  title = {Influence of Corn on Common Waterhemp ({{{\emph{Amaranthus rudis}}}}) Growth and Fecundity},
  author = {Nordby, Dawn E. and Hartzler, Robert G.},
  year = {2004},
  month = apr,
  journal = {Weed Science},
  volume = {52},
  number = {2},
  pages = {255--259},
  issn = {0043-1745, 1550-2759},
  doi = {10.1614/WS-03-060R}
}

@article{princeBenchmarkStudyIV2012,
  title = {Benchmark Study: {{IV}}. {{Survey}} of Grower Practices for Managing Glyphosate-Resistant Weed Populations},
  shorttitle = {Benchmark {{Study}}},
  author = {Prince, Joby M. and Shaw, David R. and Givens, Wade A. and Owen, Micheal D. K. and Weller, Stephen C. and Young, Bryan G. and Wilson, Robert G. and Jordan, David L.},
  year = {2012},
  month = sep,
  journal = {Weed Technology},
  volume = {26},
  number = {3},
  pages = {543--548},
  issn = {0890-037X, 1550-2740},
  doi = {10/f37vn9}
}

@article{rasmussenLegacyPesticidePollution2015,
  ids = {rasmussenLegacyPesticidePollution2015a},
  title = {The Legacy of Pesticide Pollution: {{An}} Overlooked Factor in Current Risk Assessments of Freshwater Systems},
  author = {Rasmussen, J. J. and {Wiberg-Larsen}, P. and {Baattrup-Pedersen}, A. and Cedergreen, N. and McKnight, U. S. and Kreuger, J. and Jacobsen, D. and Kristensen, E. A. and Friberg, N.},
  year = {2015},
  journal = {Water Res.},
  volume = {84},
  pages = {25},
  doi = {10/f3p366},
  keywords = {Environmental risk assessment,Legacy pesticides,Mixture toxicity,Pesticide monitoring,Streams}
}

@misc{rdevelopmentcoreteamLanguageEnvironmentStatistical2022,
  title = {R: {{A}} Language and Environment for Statistical Computing},
  author = {{R Development Core Team}},
  year = {2022},
  month = apr,
  address = {{Vienna, Austria}},
  howpublished = {R Foundation for Statistical Computing},
  isbn = {3-900051-07-0}
}

@article{ryanManagementFiltersSpecies2010,
  title = {Management Filters and Species Traits: {{Weed}} Community Assembly in Long-Term Organic and Conventional Systems},
  shorttitle = {Management Filters and Species Traits},
  author = {Ryan, Matthew R. and Smith, Richard G. and Mirsky, Steven B. and Mortensen, David A. and Seidel, Rita},
  year = {2010},
  journal = {Weed Science},
  volume = {58},
  number = {3},
  pages = {265--277},
  publisher = {{[Cambridge University Press, Weed Science Society of America]}},
  issn = {0043-1745},
  doi = {10/cxhk78},
  keywords = {community assembly,filters,legacy,organic,Seed bank,traits}
}

@article{sosnoskieGlyphosateResistanceDoes2013,
  title = {Glyphosate Resistance Does Not Affect {{Palmer}} Amaranth ({{Amaranthus}} Palmeri) Seedbank Longevity},
  author = {Sosnoskie, Lynn M. and Webster, Theodore M. and Culpepper, A. Stanley},
  year = {2013},
  journal = {Weed Science},
  volume = {61},
  number = {2},
  pages = {283--288},
  issn = {0043-1745, 1550-2759},
  doi = {10/f4vgfs},
  langid = {english},
  keywords = {<span class='italic'>Amaranthus palmeri</span> (S.) Wats. AMAPA,Biological control,glyphosate resistance,herbicide resistance,Palmer amaranth,predation,seed burial,soil seedbank}
}

@article{spokasSeedChaserVerticalSoil2007,
  title = {{{SeedChaser}}: {{Vertical}} Soil Tillage Distribution Model},
  shorttitle = {{{SeedChaser}}},
  author = {Spokas, K. and Forcella, F. and Archer, D. and Reicosky, D.},
  year = {2007},
  journal = {Computers and Electronics in Agriculture},
  volume = {57},
  number = {1},
  pages = {62--73},
  issn = {0168-1699},
  doi = {10/dzh845},
  keywords = {Conservation tillage,Leslie matrix,Seed movement,Seedbank,Soil movement}
}

@article{steckelTillageCroppingSystem2007,
  title = {Tillage, Cropping System, and Soil Depth Effects on Common Waterhemp ({{Amaranthus}} Rudis) Seed-Bank Persistence},
  author = {Steckel, Lawrence E. and Sprague, Christy L. and Stoller, Edward W. and Wax, Loyd M. and Simmons, F. William},
  year = {2007},
  journal = {Weed Science},
  volume = {55},
  number = {3},
  pages = {235--239},
  publisher = {{Cambridge University Press}},
  doi = {10/bhs6vt},
  isbn = {0043-1745}
}

@misc{stubbenPopbioConstructionAnalyse2020,
  title = {Popbio:  {{Construction}} and Analyse and  of Matrix  Models},
  shorttitle = {Popbio},
  author = {Stubben, Chris and Milligan, Brook and Nantel, Patrick},
  year = {2020},
  month = feb,
  copyright = {GPL-3}
}

@article{tranelHerbicideResistanceAmaranthus2021,
  title = {Herbicide Resistance in {{{\emph{Amaranthus tuberculatus}}}}},
  shorttitle = {Herbicide Resistance In},
  author = {Tranel, Patrick J},
  year = {2021},
  month = jan,
  journal = {Pest Manag Sci},
  volume = {77},
  number = {1},
  pages = {43--54},
  issn = {1526-498X, 1526-4998},
  doi = {10/gjpz5w},
  langid = {english}
}

@book{tuljapurkarStructuredpopulationModelsMarine1997,
  title = {Structured-Population Models in Marine, Terrestrial, and Freshwater Systems},
  editor = {Tuljapurkar, Shripad and Caswell, Hal},
  year = {1997},
  series = {Population and {{Community Biology Series}}},
  publisher = {{Springer US}},
  isbn = {978-0-412-07271-0},
  langid = {english}
}

@phdthesis{ullrichWeedPopulationDynamics2000,
  title = {Weed Population Dynamics in Potato Cropping Systems as Affected by Rotation Crop, Cultivation, and Primary Tillage},
  author = {Ullrich, Silke},
  year = {2000},
  langid = {english},
  school = {The University of Maine}
}

@article{vanderlaatPostdispersalWeedSeed2015,
  title = {Postdispersal Weed Seed Predation and Invertebrate Activity Density in Three Tillage Regimes},
  author = {{van der Laat}, Rocio and Owen, Micheal D. K. and Liebman, Matt and Leon, Ramon G.},
  year = {2015},
  journal = {Weed Science},
  volume = {63},
  number = {4},
  pages = {828--838},
  issn = {0043-1745, 1550-2759},
  doi = {10/gddc93},
  keywords = {(L.) Merr.,(Moq.) Sauer.,/span\&gt,\&gt,\&lt,Abutilon theophrasti\&lt,Amaranthus tuberculatus\&lt,Biological control,Chenopodium album\&lt,Common lambsquarters,common waterhemp,corn,field crickets,giant foxtail,Glycine max\&lt,ground beetles,Herrm.,integrated weed management,italic\&\#39,L.,Medik.,seedbank,Setaria faberi\&lt,soybean,span class=\&\#39,velvetleaf,Zea mays\&lt}
}

@article{werleModelingShattercaneDynamics2017,
  title = {Modeling Shattercane Dynamics in Herbicide-Tolerant Grain Sorghum Cropping Systems},
  author = {Werle, Rodrigo and Tenhumberg, Brigitte and Lindquist, John L.},
  year = {2017},
  month = jan,
  journal = {Ecological Modelling},
  volume = {343},
  pages = {131--141},
  issn = {0304-3800},
  doi = {10/f9hj8x},
  keywords = {Crop-to-weed gene flow,Herbicide-resistance,Herbicide-tolerant grain sorghum,Weedy relative}
}

@article{werlePredictingEmergence232014,
  title = {Predicting Emergence of 23 Summer Annual Weed Species},
  author = {Werle, Rodrigo and Sandell, Lowell D. and Buhler, Douglas D. and Hartzler, Robert G. and Lindquist, John L.},
  year = {2014},
  month = jun,
  journal = {Weed Science},
  volume = {62},
  number = {2},
  pages = {267--279},
  issn = {0043-1745, 1550-2759},
  doi = {10/f5z7zc},
  langid = {english},
  keywords = {AIC criterion,information-theoretic model comparison approach,thermal time,weather data,Weibull model}
}

@article{yenishEffectsTillageVertical1992,
  title = {Effects of Tillage on Vertical Distribution and Viability of Weed Seed in Soil},
  author = {Yenish, Joseph P. and Doll, Jerry D. and Buhler, Douglas D.},
  year = {1992},
  journal = {Weed Science},
  volume = {40},
  number = {3},
  pages = {429--433},
  issn = {0043-1745}
}

@article{mohler1997weed,
  title={Weed seedling emergence and seed survival: separating the effects of seed position and soil modification by tillage},
  author={Mohler, CL and Galford, AE},
  journal={Weed Research},
  volume={37},
  number={3},
  pages={147--155},
  year={1997},
  publisher={Wiley Online Library}
}


%-----------------------------------------------------------------------------------------------

 


% ------------------------------------------------------------------------





% --------------------------------------------------------------------------





%--------------------------------------------------------------------------------------------



% ------------------------------------------------------------------------








% ------------------------------------------------------------------------






