
@article{buhlerEmergencePersistenceSeed2001,
  title = {Emergence and Persistence of Seed of Velvetleaf, Common Waterhemp, Woolly Cupgrass, and Giant Foxtail},
  author = {Buhler, Douglas D. and Hartzler, Robert G.},
  year = {2001},
  month = apr,
  journal = {Weed Science},
  volume = {49},
  number = {2},
  pages = {230--235},
  issn = {0043-1745, 1550-2759},
  doi = {10/dmnt6f}
}

@article{buhlerWeedSeedBank2001,
  title = {Weed Seed Bank Dynamics during a Five-Year Crop Rotation},
  author = {Buhler, Douglas D. and Kohler, Keith A. and Thompson, Richard L.},
  year = {2001},
  month = mar,
  journal = {Weed Technology},
  volume = {15},
  number = {1},
  pages = {170--176},
  issn = {0890-037X, 1550-2740},
  doi = {10/cj6ghv},
  langid = {english},
  keywords = {Amaranthus rudis Sauer \#3 AMATA,Avena sativa L.,Common waterhemp,corn,Cropping systems,foxtail species,Glycine max (L.) Merr,oat,ridge tillage,seed bank,seed distribution,Setaria spp,soybean,Zea mays L.}
}

@article{francaInfluenceFloodingPeriod2020,
  title = {Influence of Flooding Period and Seed Burial Depth on {{Palmer}} Amaranth ( {\textsc{ }}{{{\textsc{{\emph{Amaranthus}}}}}}{\textsc{{\emph{ Palmeri}}}}{\textsc{ }} ) Seed Germination},
  shorttitle = {Influence of Flooding Period and Seed Burial Depth on {{Palmer}} Amaranth (},
  author = {Franca, Lucas X and Dodds, Darrin M and Reynolds, Daniel B and Bond, Jason A and Mills, Anthony and Catchot, Angus L and Peterson, Daniel G},
  year = {2020},
  month = nov,
  journal = {Pest Manag Sci},
  volume = {76},
  number = {11},
  pages = {3832--3837},
  issn = {1526-498X, 1526-4998},
  doi = {10.1002/ps.5934},
  langid = {english}
}

@article{gallandtEffectCovercroppingSystems2005,
  title = {Effect of Cover-Cropping Systems on Invertebrate Seed Predation},
  author = {Gallandt, Eric R. and Molloy, Thomas and Lynch, Ryan P. and Drummond, Francis A.},
  year = {2005},
  month = feb,
  journal = {Weed Science},
  volume = {53},
  number = {1},
  pages = {69--76},
  issn = {0043-1745, 1550-2759},
  doi = {10/bj4v3z},
  keywords = {(DC.) L.C. Wheeler SINAR,(L.) Beauv. SETLU,(Raf.) Blake GASCI,/span\&gt,\&gt,\&lt,Abutilon theophrasti\&lt,Amaranthus retroflexus\&lt,Biological control,Brassica kaber\&lt,Carabidae,Chenopodium album\&lt,Common lambsquarters,Galinsoga ciliata\&lt,hairy galinsoga,Harpalus rufipes\&lt,invertebrates,italic\&\#39,L. AMARE,L. CHEAL,L. TRFPR,Medicus ABUTH,red clover,redroot pigweed,seed predation,seedbank dynamics,Setaria glauca\&lt,span class=\&\#39,Trifolium pratense\&lt,velvetleaf,wild mustard,yellow foxtail},
  file = {/Users/huongnguyen/Zotero/storage/5YP63YC8/Gallandt et al. - 2005 - Effect of cover-cropping systems on invertebrate s.pdf}
}

@article{heggenstallerSeasonalPatternsPostdispersal2006,
  title = {Seasonal Patterns in Post-Dispersal Seed Predation of {{Abutilon}} Theophrasti and {{Setaria}} Faberi in Three Cropping Systems},
  author = {Heggenstaller, Andrew H. and Menalled, Fabian D. and Liebman, Matt and Westerman, Paula R.},
  year = {2006},
  month = oct,
  journal = {Journal of Applied Ecology},
  volume = {43},
  number = {5},
  pages = {999--1010},
  issn = {1365-2664},
  doi = {10/bk6ccs},
  keywords = {crop phenology,crop rotation,ecological weed management,habitat quality,vegetative cover,weed seed predation},
  file = {/Users/huongnguyen/Zotero/storage/KE7BW92M/Heggenstaller et al. - 2006 - Seasonal patterns in post-dispersal seed predation.pdf}
}

@article{hulmeGlobalDriversHerbicide2022,
  title = {Global Drivers of Herbicide-resistant Weed Richness in Major Cereal Crops Worldwide},
  author = {Hulme, Philip E},
  year = {2022},
  month = feb,
  journal = {Pest Management Science},
  pages = {ps.6800},
  issn = {1526-498X, 1526-4998},
  doi = {10.1002/ps.6800},
  langid = {english}
}

@article{nguyenImpactCroppingSystem2022,
  title = {Impact of Cropping System Diversification on Vegetative and Reproductive Characteristics of Waterhemp ({{{\emph{A. tuberculatus}}}})},
  author = {Nguyen, Huong T. X. and Liebman, Matt},
  year = {2022},
  journal = {Frontiers in Agronomy},
  volume = {4},
  issn = {2673-3218},
  doi = {10.3389/fagro.2022.811359}
}

@article{sosnoskieGlyphosateResistanceDoes2013,
  title = {Glyphosate Resistance Does Not Affect {{Palmer}} Amaranth ({{Amaranthus}} Palmeri) Seedbank Longevity},
  author = {Sosnoskie, Lynn M. and Webster, Theodore M. and Culpepper, A. Stanley},
  year = {2013},
  month = jun,
  journal = {Weed Science},
  volume = {61},
  number = {2},
  pages = {283--288},
  issn = {0043-1745, 1550-2759},
  doi = {10/f4vgfs},
  langid = {english},
  keywords = {<span class='italic'>Amaranthus palmeri</span> (S.) Wats. AMAPA,Biological control,glyphosate resistance,herbicide resistance,Palmer amaranth,predation,seed burial,soil seedbank},
  file = {/Users/huongnguyen/Zotero/storage/3AJVZ5MJ/Sosnoskie et al. - 2013 - Glyphosate Resistance Does Not Affect Palmer Amara.pdf}
}

@article{spokasSeedChaserVerticalSoil2007,
  title = {{{SeedChaser}}: {{Vertical}} Soil Tillage Distribution Model},
  shorttitle = {{{SeedChaser}}},
  author = {Spokas, K. and Forcella, F. and Archer, D. and Reicosky, D.},
  year = {2007},
  month = may,
  journal = {Computers and Electronics in Agriculture},
  volume = {57},
  number = {1},
  pages = {62--73},
  issn = {0168-1699},
  doi = {10/dzh845},
  keywords = {Conservation tillage,Leslie matrix,Seed movement,Seedbank,Soil movement}
}

@article{vanderlaatPostdispersalWeedSeed2015,
  title = {Postdispersal Weed Seed Predation and Invertebrate Activity Density in Three Tillage Regimes},
  author = {{van der Laat}, Rocio and Owen, Micheal D. K. and Liebman, Matt and Leon, Ramon G.},
  year = {2015},
  month = dec,
  journal = {Weed Science},
  volume = {63},
  number = {4},
  pages = {828--838},
  issn = {0043-1745, 1550-2759},
  doi = {10/gddc93},
  keywords = {(L.) Merr.,(Moq.) Sauer.,/span\&gt,\&gt,\&lt,Abutilon theophrasti\&lt,Amaranthus tuberculatus\&lt,Biological control,Chenopodium album\&lt,Common lambsquarters,common waterhemp,corn,field crickets,giant foxtail,Glycine max\&lt,ground beetles,Herrm.,integrated weed management,italic\&\#39,L.,Medik.,seedbank,Setaria faberi\&lt,soybean,span class=\&\#39,velvetleaf,Zea mays\&lt},
  file = {/Users/huongnguyen/Zotero/storage/7ZB5AUZQ/Laat et al. - 2015 - Postdispersal Weed Seed Predation and Invertebrate.pdf}
}


